2340 4094
183 259 266 341 cap.
280 215 339 320 JH.
384 231 532 318 Ds-locis
551 248 651 314 sacris
665 229 727 328 ,el
748 228 936 354 religiosis)
982 242 1047 335 5²9
1109 323 1113 329 ,

98 389 132 462 'l
152 388 264 460 Fuisse
287 389 351 469 jam
380 388 456 456 inde
476 398 494 452 a'
516 383 692 472 Religionis
712 384 892 452 christiane
912 386 1048 453 exordio

116 463 128 479 ⁰
142 470 316 559 singularia
339 476 487 563 quaedam
499 470 566 536 loca
583 469 782 537 celebrandis
796 472 1047 551 christianorum

143 560 242 626 sacris
263 558 417 626 destinata
440 582 480 626 ex
502 544 591 624 Medi
604 555 961 644 dissertationespeciali
974 581 1048 647 pro·

138 641 212 711 latis
234 644 305 710 tum
328 645 388 711 SS⁴
413 645 590 722 literarum,
613 659 683 708 tum
704 640 774 709 aliis
796 646 980 732 primorum
999 669 1048 712 se·

138 729 501 798 culorumdocumentis
512 731 795 817 monumentisque
805 730 1048 816 ostenditBing·

139 814 218 883 ham
238 818 296 902 (c).
322 816 612 907 QuareOrigines‚
636 816 795 880 Minutius
805 812 912 889 Felix.
935 817 1048 881 Arno·

138 899 1047 991 bius‚aliique‚quiChriatianisfuissetemplaiuliciantur,

136 986 245 1053 solum
276 989 316 1054 de
351 989 479 1076 templis
505 983 677 1072 gentilium
704 1008 796 1054 sensu
819 989 969 1072 acceptia,
990 1011 1048 1053 seu

138 1096 212 1161 quze
224 1074 304 1140 idoli
315 1074 517 1140 divinitatem
529 1068 743 1150 includerent,
753 1068 952 1155 intelligendi
961 1092 1049 1152 sunt5

54 1211 57 1216 .
137 1159 201 1244 nisi
222 1183 276 1226 eos
299 1183 409 1224 secum
433 1160 530 1248 ipsis,
554 1176 586 1222 et
598 1153 671 1220 aliis
685 1180 760 1222 cum
771 1157 974 1223 documentis
988 1183 1049 1243 ge-

136 1233 246 1345 quibis
267 1268 409 1333 pugnare
428 1245 519 1312 ¹velis.
551 1242 704 1309 Ceterum
720 1241 767 1307 de
788 1245 928 1330 antiquis
950 1245 1051 1309 ercle-
1130 1290 1134 1297 -

136 1330 202 1412 sris,
225 1329 265 1395 de
286 1332 390 1397 forma
414 1341 550 1417 aarum
568 1327 610 1394 de
641 1327 807 1412 partibua3
840 1335 1063 1410 or·nnmentia‚'

137 1416 344 1480 immunitate
374 1416 560 1500 pererudite
595 1414 661 1497 agit
691 1414 969 1499 idem'Bingbam
991 1442 1049 1504 per

130 1500 250 1564 librum
273 1506 301 1567 8.
332 1503 418 1591 orig.
444 1505 520 1567 eccl.
544 1503 715 1588 integrum.
743 1503 791 1588 Cf.
813 1502 910 1566 Zecb.
928 1504 968 1567 de
973 1505 1045 1593 jur.
1079 1519 1105 1568 3·

136 1609 196 1650 rer.
218 1590 302 1652 Sec-t.
326 1598 355 1652 1.
386 1590 446 1653 ‘lin
471 1598 501 1653 1.
523 1609 590 1674 seq.
624 1586 734 1653 Fleuri
754 1586 828 1650 nist,
843 1591 919 1654 eccl.
934 1591 976 1655 L.
995 1613 1074 1660 ιο..Ι
1149 1642 1153 1648 .

136 1697 169 1742 n.
194 1675 228 1747 3,
250 1683 289 1739 L.
316 1695 365 1736 tt.
381 1694 421 1736 n.
445 1677 501 1754 45,
523 1694 592 1760 seq„
615 1680 652 1736 L.
678 1693 729 1743 tn.
752 1696 796 1735 nn
813 1693 861 1735 ιο.

91 1756 145 1841 ”)
167 1758 240 1839 Jam
259 1757 425 1846 prioribus
447 1753 588 1824 ecclesiae
607 1753 722 1820 seculis
751 1757 880 1822 varium
900 1775 969 1822 erat
992 1756 1048 1823 lo·-
1106 1808 1111 1812 -

136 1842 249 1909 corum
270 1865 437 1908 meror-m
457 1865 568 1929 genus.
612 1841 772 1930 Quinque
792 1844 907 1908 eorum
928 1867 1046 1928 genera

136 1926 331 2015 distinguere
343 1929 471 1995 ridetur
493 1925 669 1995 concilium
680 1923 1046 2006 Chalcedonenaedum

87 2057 91 2062 -
134 2012 266 2079 (lenone
291 2015 347 2080 VI.
369 2031 473 2080 vetat:
507 2037 578 2080 ane
599 2014 771 2102 quisquam
793 2013 983 2098 ordinetur,
1009 2018 1044 2080 in

137 2103 294 2164 aecclesia
316 2102 472 2184 ciuitatis,
495 2118 551 2166 aut
563 2101 654 2189 pagi,
677 2102 781 2165 autin
798 2103 965 2193 martyrio,
987 2120 1045 2168 aut

134 2217 152 2247 a
165 2188 199 2250 in
211 2189 413 2262 monasterio,
430 2203 502 2251 aet
520 2189 617 2252 subin
631 2209 660 2250 o.
674 2184 765 2249 Vlll.
782 2187 946 2273 Episcopo
958 2189 1043 2252 sub-

133 2273 205 2354 jicit
227 2272 367 2336 Clericos
390 2274 661 2338 monasteriorum
683 2287 715 2336 et
732 2274 1044 2338 Ptocbodocliiorum
1103 2335 1108 2343 ,

130 2380 188 2422 seu
209 2356 432 2444 hospitalium.
456 2361 486 2423 A
506 2381 568 2423 sec.
594 2359 622 2421 V
645 2357 818 2422 domestica
841 2360 1043 2443 Magnetum,
1089 2400 1097 2425 ,-

135 2459 168 2507 et
189 2444 381 2529 Principum
399 2447 544 2508 oratoria
575 2440 669 2526 longe
690 2440 946 2528 frequentissima
971 2469 1044 2508 eva-

130 2544 242 2594 seruut
263 2529 332 2611 (d).
380 2528 466 2620 Quae
489 2531 573 2593 inter
594 2527 846 2592 celeberrimum
867 2546 936 2592 erat
958 2527 1042 2593 illud

130 2615 259 2698 Regum
283 2615 485 2680 Francorum
505 2617 541 2679 in
557 2614 684 2678 ambitu
727 2609 815 2676 alatii
833 2612 1041 2692 edificatum,
1081 2693 1085 2698 t

56 2770 69 2779 ,
155 2701 249 2764 uoda
268 2723 346 2785 capa
366 2702 521 2779 breviori,
543 2723 599 2775 seu
616 2633 738 2786 capella
759 2696 793 2763 S.
807 2699 954 2777 Martini,
970 2722 1044 2786 quae

130 2723 253 2850 ibidem
267 2809 383 2868 mttgtto
397 2785 520 2857 honore
532 2802 674 2851 unacum
692 2781 764 2849 aliia
782 2779 928 2870 reliquiis
948 2790 1043 2851 asser·

130 2871 280 2949 rebatur,
303 2874 427 2954 capella
442 2867 725 2956 compellationem
738 2867 895 2955 adeptum
908 2889 955 2935 eat
977 2879 1037 2957 (e).
1136 2916 1138 2923 »

129 2953 211 3023 Inde
234 2955 289 3043 qui
313 2979 363 3021 eas
385 2955 538 3042 reliquias
560 2955 806 3032 custodiebant.
822 3003 824 3008 ,
838 2973 895 3021 aut
917 2956 1042 3031 ibidem
1105 2966 1128 3007 ‘-

130 3042 290 3106 curabant
306 3063 406 3120 sacrn,
432 3041 598 3125 capellani
607 3054 687 3106 suut
696 3037 863 3128 appellati.
886 3045 922 3128 4)
943 3041 1044 3106 Simi-
1087 3062 1089 3065 ·

129 3124 176 3193 les
199 3124 329 3215 capellae
351 3126 501 3213 deinceps
525 3129 557 3190 in
580 3126 732 3193 omnibus
751 3124 901 3219 palatiis,
923 3119 1042 3211 regiis-
1131 3201 1135 3209 Ι

507 3211 584 3278 Χ5
853 3236 860 3245 ’
934 3236 1000 3302 que

48 3326 1046 3352 mm

84 3379 133 3464 (c)
155 3376 313 3461 Bingham
337 3376 466 3461 Origin.
491 3377 603 3442 eccles.
627 3378 666 3442 u.
691 3382 723 3443 8.
746 3401 777 3444 c.
804 3399 832 3450 t.
858 3379 955 3457 513.
974 3405 1039 3470 aeq.

128 3464 216 3526 chh
237 3462 279 3527 de
301 3466 364 3544 jur.
388 3485 452 3528 rer.
476 3461 555 3529 eccl.
579 3463 619 3535 P.
643 3464 670 3529 Ι.
693 3479 773 3532 sect.
800 3485 834 3555 r.x
853 3467 905 3530 tit.
923 3487 947 3528 t.
963 3472 1038 3551 §.4

83 3549 138 3636 (d)
164 3547 238 3612 Vid.
262 3547 457 3637 Thomaaeiu
490 3574 522 3616 v.
554 3564 587 3614 et
605 3547 752 3638 'ardiso
775 3548 816 3619 P.
838 3548 867 3618 Ι.
883 3549 929 3616 ·Ι..
953 3575 983 3616 a.
1007 3575 1039 3627 c,

85 3636 354 3809 (Otiffiegnge
366 3735 399 3790 el
419 3716 465 3790 du
485 3718 515 3786 F
515 3739 608 3795 reme
628 3672 759 3813 glossar.
790 3720 883 3800 verb.
902 3664 1041 3813 capellan¹
1075 3746 1088 3785 ι..
1137 3798 1140 3802 ¹
