2340 4094
68 258 122 322 ep.
136 242 188 303 11.
211 231 266 298 De
279 233 429 305 Glertcor.
440 232 713 301 stsstento'tioneet
724 230 852 322 heresis.
866 230 941 297 cccl.
967 228 1031 294 223

128 362 259 445 lutum,
292 358 389 453 etqbe
419 363 533 429 saltem
563 386 710 514 expresse
740 364 801 428 sub
823 350 1031 449 conditione,
1136 348 1141 370 ¹

81 447 582 620 ‘*)quiiiitidiii1odcidriiisiib)
605 448 936 601 rdirieisieUdhddiiiiio
963 558 1033 601 non

128 558 268 708 emplius
290 560 463 699 dicuniur,
486 637 542 686 sut
563 622 786 687 inscribuntur
808 622 1034 707 resignationes

127 709 161 770 in
186 709 340 787 levorem,
363 706 416 773 red
440 707 670 793 resignationes
690 708 869 795 simplum,
899 724 955 770 sut
977 710 1043 773 re·¹

128 793 324 881 signationes
356 816 427 875 turn
453 792 647 880 provisione.
700 795 745 860 At
767 794 853 857 enim
876 814 915 855 eo
937 792 1035 876 ipso,

128 878 218 966 quod
240 883 273 943 in
296 878 408 942 eadem
432 876 677 963 supplicationis
710 878 750 943 nd
775 878 895 964 Pupam
919 880 1036 960 pagine

101 998 104 1003 ·
128 965 302 1049 resignatio
324 967 419 1049 unius
442 980 583 1049 praeeat,
604 978 822 1051 sequeturque
843 962 1039 1049 supplicatio
1139 1042 1141 1047 Ι

89 1110 94 1121 ,
130 1045 284 1127 alterius,
307 1049 436 1114 abunde
454 1049 649 1132 exprimitur
671 1050 893 1113 conditionata
913 1047 1037 1133 snppli-

131 1135 233 1199 eentis
257 1134 414 1201 voluntas.
432 1137 485 1219 (x)
498 1133 570 1198 lmo
588 1132 675 1200 Galli
694 1133 917 1218 Germanique
930 1135 1039 1199 adhuc

132 1218 166 1283 in
189 1220 407 1284 instrumento
430 1217 589 1285 Notarieli
611 1222 830 1303 resignationis
843 1218 1039 1288 clausulams

134 1330 191 1369 nec
212 1306 319 1384 aliter,
342 1330 400 1370 nec
421 1308 514 1382 alies,
537 1330 593 1369 nec
616 1307 680 1369 olio
703 1307 815 1385 modo,
838 1308 1042 1393 exprimunt.

134 1390 257 1454 Verum
281 1390 336 1455 bes
358 1392 584 1475 resignationes
606 1414 662 1453 ceu
684 1389 892 1456 Concordntis
915 1392 1043 1457 coutrit-

133 1476 196 1540 rias
217 1473 366 1563 plerique
387 1475 485 1541 bodie
509 1475 665 1543 Germani
689 1478 851 1560 rejiciunt.
887 1482 938 1563 (§.
963 1478 1041 1546 532.

134 1578 202 1625 not.
228 1569 265 1642 n)
297 1563 365 1626 Alii
385 1581 495 1627 sutem
517 1586 567 1626 ess
590 1565 818 1646 insignitiones
838 1565 1042 1651 inferiorem

135 1644 187 1711 vel
209 1670 284 1711 eum
307 1646 510 1712 adhibitione
531 1645 618 1711 illius
639 1641 791 1726 cautelae,
814 1672 870 1712 seu
891 1648 965 1736 styli
988 1673 1042 1715 cu·

90 1801 96 1809 ,
136 1735 193 1797 riae
215 1755 376 1812 romane,
404 1733 456 1797 vel
476 1731 668 1817 simpliciter
689 1756 705 1795 s
731 1733 917 1799 Germeuiae
938 1733 1042 1821 Epis-

136 1819 226 1904 copis
247 1820 375 1883 admitti
396 1840 489 1906 posse
510 1818 636 1883 docent.
661 1823 716 1907 (y)
775 1876 778 1881 .

95 1906 158 1990 Ψ)
180 1906 421 1988 Resiguationes
448 1908 478 1990 r)
492 1927 566 1969 cnm
583 1902 768 1967 conditione
781 1920 813 1968 et
826 1905 1043 1969 reservatione

68 2042 73 2055 „
140 1986 302 2075 pensionis
321 2013 378 2055 seu
398 2008 494 2054 certae
516 1990 674 2077 portionis
696 2013 735 2053 ex
758 1988 914 2054 reditibus
936 1990 1044 2053 bene-

139 2076 205 2145 lieii
239 2073 366 2140 admitti
397 2076 532 2163 quidem
563 2075 605 2138 ab
634 2074 796 2160 Episcopo
832 2090 983 2160 possuut3
1006 2081 1044 2160 2)

138 2163 231 2226 l'sctae
252 2177 362 2227 eutem
382 2183 458 2226 cum
480 2175 575 2246 paeto
596 2161 784 2245 pensionem
805 2162 947 2225 cassandi
983 2183 1046 2248 per
1080 2168 1086 2176 “
1116 2156 1120 2169 “

131 2246 359 2333 entieipsndas
380 2248 556 2311 solutiones
577 2244 806 2321 annullantur;
839 2244 876 2329 3)
898 2246 1046 2315 cessatio·

143 2355 276 2421 nesque,
298 2356 335 2397 ee
356 2331 548 2397 abolitiones
569 2333 762 2419 pensionum
785 2353 843 2414 per
856 2331 1046 2416 anticipetas

138 2416 314 2485 solutiones
335 2418 475 2483 obtentae
497 2419 581 2482 intre
602 2438 657 2481 sex
680 2436 803 2480 menses
824 2439 840 2479 e
863 2433 956 2501 cepte
977 2438 1048 2502 pos·

140 2504 279 2569 sessione
301 2501 451 2568 beneficii
479 2503 670 2581 irritentnr3
700 2502 832 2587 insuper
853 2515 920 2564 tem
944 2503 1050 2585 resig-

140 2610 230 2667 nans,
252 2613 353 2676 quem
375 2589 596 2674 resignetarius
610 2587 680 2671 ipso
692 2586 786 2666 fecto,
810 2602 841 2648 et
852 2585 973 2670 absque
984 2586 1048 2652 elis

144 2671 361 2739 declaratione
382 2677 553 2760 prirentur
573 2672 755 2747 beneficio,
787 2688 820 2734 et
841 2668 1048 2736 declarentur

143 2758 303 2831 inhabiles
325 2759 366 2825 ed
386 2755 450 2825 elie
479 2757 675 2846 assequenda
704 2778 762 2843 per
783 2757 1050 2906 comtiputiopem

250 2874 255 2883 ·
911 2863 969 2905 ene
995 2890 1004 2907 .

101 3096 157 3179 (u)
193 3090 268 3155 Vid.
291 3088 404 3165 fleller
435 3092 490 3157 eit.
522 3088 606 3156 Diss.
630 3088 671 3155 de
690 3105 776 3155 statu
798 3089 1052 3173 resignationem

143 3176 353 3243 adseverem
374 3192 435 3243 ete.
461 3183 494 3262 §.
517 3202 549 3263 7.
571 3213 612 3228 ·-
639 3192 689 3255 14.
725 3174 881 3242 Thesaur.
904 3172 935 3241 J.
956 3174 1053 3249 Επεὶ.

145 3258 245 3344 Tem.
270 3260 328 3327 Vl.
353 3284 425 3347 pag.
451 3263 513 3329 266
532 3284 604 3349 sqq.
986 3274 989 3279 ·

101 3348 159 3435 (ι)
182 3346 256 3413 lbid
283 3349 316 3427 ς.
341 3348 450 3412 bnot.
474 3368 547 3434 psg.
572 3349 645 3411 281.
669 3344 742 3412 Vin
763 3343 872 3432 Espen
893 3344 924 3412 J.
947 3345 988 3413 E.
1012 3348 1056 3429 P„

75 3476 95 3509 ,-
147 3433 193 3499 Η.
216 3432 286 3498 Tit.
308 3454 349 3533 27
372 3456 402 3498 c,
432 3456 443 3496 1
469 3456 493 3497 n
526 3455 639 3520 7sqq.

104 3524 161 3607 (y)
183 3514 259 3583 Carl
281 3516 376 3583 Frtd.
398 3515 567 3584 Dieterich
586 3533 724 3605 systema
735 3512 828 3584 elem.
841 3520 956 3610 jurisp.
967 3516 1057 3589 cstb.
1134 3560 1137 3565 -

148 3604 235 3691 priv.
256 3619 334 3670 sect.
357 3619 392 3685 4.
410 3627 440 3668 e.
461 3606 483 3670 ὅ
506 3602 553 3669 tit
576 3606 605 3669 8.
629 3609 657 3688 §.
680 3620 755 3689 714.
776 3626 851 3693 pag.
870 3608 953 3671 oux.
969 3606 1068 3669 Reu-

151 3686 267 3795 deriela
287 3684 397 3761 Elem.
416 3686 491 3759 lus.
513 3710 587 3757 ean.
607 3688 650 3758 Ρ.
676 3712 696 3756 n
720 3697 755 3776 ἱ.
777 3692 826 3771 bu
847 3714 928 3779 paq.
948 3690 1017 3782 pa.
