2340 4094
406 88 422 143 ι
639 122 643 129 .

73 219 140 301 Gap.
162 217 218 277 11.
242 214 291 277 na
309 207 461 289 clericor,
475 198 706 271 sustentatione
724 217 755 271 et
767 177 986 295 benqifmccl.
1011 207 1056 281 65

105 348 137 429 ¹')
150 342 199 409 Ita
210 365 278 408 non
288 363 362 407 raro
373 338 495 405 alicubi
503 339 690 404 doctoratus
703 354 760 404 aut
771 336 1071 421 licentiatnn'item.

147 422 320 496 av'itsrsut
341 446 500 511 germano
523 422 702 489 nobilitatis
722 423 850 508 gradare,
874 425 994 491 natales
1015 451 1059 494 ex

145 528 352 599 oertagente
374 510 594 593 sartamine,
627 507 754 590 aliaque
777 508 810 572 in
833 514 1059 595 promovendo

148 599 193 667 ad
214 597 412 665 beneficium
432 599 654 698 requiruntur.
679 593 774 659 Unde
784 596 846 660 nisi
858 596 907 660 his
927 599 1060 664 dotibus

150 685 284 775 praediti
304 698 490 771 praesentari
514 700 571 747 aut
591 681 754 744 nominari
777 699 967 771 nequeunt,
1002 700 1060 752 aut

151 789 243 839 certe
262 770 446 838 nominatos
468 766 625 871 repellere
645 768 691 830 las
714 763 787 832 erit.

503 968 532 1049 §.
558 963 640 1056 460.

112 1072 295 1186 Denique
321 1109 439 1185 quum
464 1084 532 1161 III.
557 1084 742 1169 be'nelioia
766 1085 882 1160 modo
904 1112 975 1185 per
992 1112 1063 1161 ca-

73 1212 184 1263 nones
203 1183 434 1285 praescripto·
456 1187 531 1259 sint
555 1180 808 1259 eonferenda:
833 1187 1063 1283 penetratio,

75 1310 137 1361 cur
162 1282 353 1359 beneficia
380 1286 414 1375 ι)
445 1287 614 1381 gratuito
649 1284 792 1380 absque
816 1284 920 1356 omni
945 1285 1065 1357 simo-

75 1385 142 1459 nioe
164 1380 395 1479 suspicione,
423 1387 464 1477 2')
491 1381 606 1455 libere
634 1382 729 1456 citra
753 1381 831 1455 vim
858 1393 922 1456 sut
947 1406 1066 1455 coac·
1125 1464 1129 1471 Ι

75 1479 315 1576 tionem‚,(f)
340 1483 379 1578 5)
406 1480 574 1552 obsolute
591 1490 627 1555 et
644 1479 908 1575 determinate,
936 1483 995 1579 (g)
1020 1484 1063 1571 4)

71 1585 238 1680 integre,
264 1580 419 1677 sineque
442 1579 689 1661 diminutione
714 1605 778 1651 seu
803 1593 916 1676 pacto
943 1581 1075 1673 bene--

78 1678 241 1752 liciatum
265 1689 467 1777 gravante,
504 1676 551 1749 de
586 1702 664 1772 quo
689 1674 810 1767 infra,
838 1676 1000 1775 denique
1027 1677 1068 1773 5)

80 1775 228 1853 definito
255 1791 421 1873 tempore
441 1782 482 1865 ³)
508 1774 676 1850 conferri
701 1775 873 1849 debeant.
1086 1836 1089 1845 .

91 1882 99 1889 ''
114 1869 155 1959 *)'
170 1871 365 1938 Generatim
385 1874 416 1959 ι)
426 1871 621 1937 heneficium
636 1894 805 1958 nunqnam
817 1867 903 1935 ultra
915 1885 1068 1935 semestre

72 1960 75 1967 '
156 1954 255 2023 vsce't-
271 1956 348 2045 (h);
371 1974 403 2024 et
424 1958 617 2046 quidemfe)
639 1957 674 2022 in
696 1953 804 2040 regula
827 1953 942 2021 electio
964 1956 1004 2022 ad
1017 1978 1068 2019 ec-

159 2038 294 2109 clesiam
314 2042 534 2109 cathedralem
553 2043 605 2109 vel
628 2041 809 2128 regularem
829 2043 874 2128 (i)
894 2043 977 2107 intra
991 2058 1069 2126 tres,

157 2126 264 2195 libera
288 2131 450 2196 concessio
471 2129 622 2215 beneficii
644 2131 729 2194 intra
751 2151 833 2210 sex,
865 2133 1069 2216 praesentatio

68 2250 74 2277 .·
160 2224 342 2301 &petrono
364 2213 450 2291 laico
470 2216 555 2281 intra
611 2231 751 2291 uatum,
782 2214 824 2279 ab
856 2211 1071 2279 ecclesiastico

68 2366 83 2395 ¹
164 2301 252 2368 intro
272 2324 330 2365 sex
351 2324 474 2367 menses
494 2301 567 2367 fieri
587 2239 692 2367 llehet.
718 2300 753 2383 3)
774 2299 814 2365 Id
837 2300 963 2385 tempus
985 2297 1072 2363 elabi

68 2398 71 2417 ¹
159 2387 190 2450 si
220 2387 366 2474 patiatur
396 2387 592 2474 Episcopus:
616 2385 767 2471 providet
787 2386 998 2471 capitulnm3
1043 2387 1073 2448 si

74 2468 79 2477 ’
162 2488 320 2555 patronus
356 2488 412 2538 aut
443 2471 500 2537 alii
528 2476 580 2557 jus
601 2473 766 2558 eligendi,
798 2469 850 2538 vel
879 2470 1073 2537 nominandi

160 2548 337 2639 habenta,
360 2558 471 2623 deblto
494 2560 639 2645 tlempore
670 2560 720 2642 jus
751 2579 848 2623 suum
877 2581 943 2622 non
975 2576 1074 2618 exet-

165 2662 271 2723 ceem,
293 2643 336 2708 ad
357 2645 583 2710 immediatum
605 2642 795 2709 collatorem
818 2647 869 2723 jus
882 2640 1078 2727 provisionis

163 2726 366 2816 devolvitur:
389 2730 430 2831 de
452 2754 517 2820 qua
534 2744 573 2797 ‘re
594 2728 729 2821 inferius
747 2727 871 2795 redibit
890 2738 1027 2792 sermo.'

792 3148 794 3155 Ι
873 3047 1029 3125 nant-

106 3270 442 3355 ω’
827 3374 832 3385 .

132 3430 172 3516 (l)
193 3429 231 3499 C.
257 3450 275 3493 s
300 3390 348 3495 de
360 3427 422 3509 his,
446 3406 572 3516 qiraelvi
595 3444 657 3494 etc.
710 3422 713 3427 ⁴

129 3519 180 3601 ’(6)
203 3514 240 3582 C·
267 3539 285 3579 a
309 3516 349 3579 de
372 3514 467 3579 Elect
487 3517 522 3578 in
545 3518 574 3578 6.

111 3596 189 3685 ὕοι)
211 3600 249 3666 C.
274 3624 292 3663 s
314 3601 355 3665 de
376 3622 515 3665 concess.
538 3599 719 3692 praebendr

139 3678 180 3769 (i)
200 3688 237 3795 C.
256 3706 299 3771 nr
325 3684 493 3779 deElect.
689 3730 692 3741 ·
