2340 4094
121 198 205 276 ⁴526
226 219 308 282 Sect.
325 187 395 282 Ill.
420 221 467 295 De
472 198 629 304 judiciis„
639 214 773 297 delictis,
793 188 893 300 paenii
908 214 1089 281 ecclesiasti
1129 298 1132 303 Ι

207 323 431 393 ,demulcente
464 325 527 406 (b)
550 327 595 411 4),
617 327 673 412 qui
698 320 747 389 vel
769 323 804 387 in
827 324 952 411 templi
975 325 1098 393 fabrica

163 444 168 469 t
226 409 277 476 vel
300 411 334 473 in
357 407 486 475 familiae
508 427 564 474 aut
586 410 769 501 monasterii
793 433 883 491 usus,
908 428 950 475 ut
963 435 1103 476 eorumo

156 522 158 527 ⁴
225 497 392 564 benefieiis
413 494 601 580 potiantur,
622 494 837 583 eleemosynas
848 497 1035 561 tribuuntz
1060 503 1115 580 (cp
1138 507 1141 515 '

227 585 287 670 qui
309 582 489 668 praebendae
511 581 650 661 cedunt,
673 597 711 645 ut
731 596 854 645 certam
878 585 1065 667 pecuniam
1085 583 1122 646 adl

225 673 412 758 piscantur:
434 667 485 751 (d)
509 669 546 748 6)
567 667 714 738 Patroni,
737 668 795 751 qui
813 692 832 731 s
851 671 1066 752 *praesentatis
1087 690 1123 732 nc·

172 804 175 819 .
228 781 285 822 vos
308 754 357 819 vel
374 755 518 835 majores
538 775 650 815 census
671 749 892 836 stipulantur,
930 753 987 819 vel
1011 756 1124 843 quipa

176 852 177 863 ¹
228 843 332 909 tronis
353 862 405 903 eos
426 837 579 902 ollerunt.
610 844 660 919 (e)
690 847 727 922 7)
752 837 884 938 Quodsi
912 845 1036 905 tertius
1057 841 1124 905 etim

231 931 274 995 ad
294 927 328 992 id
350 924 438 989 haud
461 925 652 989 constitutus
672 927 849 989 simoniace
871 922 978 990 alteri
1001 937 1124 1013 procurat

229 1012 439 1092 beneficium,
463 1027 533 1075 tum
554 1013 588 1092 a)
610 1011 771 1095 siquidem
785 1009 841 1074 ille
856 1011 892 1075 id
907 1011 1124 1093 laniatinlrar

231 1103 318 1177 dem,
340 1115 379 1161 ut
399 1099 444 1161 ita
466 1096 591 1160 detecto
613 1096 693 1161 vitio
725 1097 873 1180 provisus
906 1096 968 1162 fiat
1000 1093 1123 1161 inh'sbilit

229 1179 372 1274 provisio
394 1170 455 1248 eri't
477 1180 603 1258 valida,
617 1183 658 1262 b)
680 1183 707 1246 si
727 1181 814 1248 fraus
837 1183 985 1270 quidem
1007 1185 1092 1262 absit,
1108 1196 1124 1247 a

230 1269 449 1361 providendus
471 1266 594 1339 malum
617 1285 769 1332 conatum
790 1290 858 1332 nou
872 1269 1055 1354 ignorans:
1075 1291 1123 1334 coa

188 1429 191 1433 ,
231 1374 281 1424 tra
303 1381 379 1421 eum
401 1370 606 1439 protestetur,
630 1356 771 1438 provisio
794 1371 908 1418 tamen
928 1352 1024 1420 nulle
1045 1372 1095 1433 est,
1110 1352 1130 1427 ι’,

231 1442 426 1509 beneficium
448 1440 494 1503 sie
515 1458 725 1527 procuratum
746 1439 991 1527 Superioribus
1022 1441 1060 1508 de

232 1552 300 1594 non
321 1526 518 1615 praemonitis
540 1544 698 1614 acceptet:
723 1528 756 1612 c)
773 1528 800 1588 si
822 1527 1054 1613 providendus
1072 1548 1123 1592 rno-

231 1613 381 1682 litionem
401 1614 611 1680 simoniacam
633 1613 721 1678 tertii
750 1613 917 1696 ignoret,-
937 1631 972 1679 et
1006 1632 1123 1701 express

233 1714 347 1766 eontra
369 1723 466 1765 onrne
486 1700 611 1788 vitium!
625 1696 690 1762 'fors
710 1697 811 1761 latens
833 1708 1057 1784 protestetur,
1077 1719 1122 1785 pra

171 1790 173 1795 ’
232 1786 314 1853 visio
336 1788 399 1851 erit
421 1784 547 1865 valida3
569 1787 595 1849 si
611 1807 676 1850 non
688 1800 894 1871 protestetur,
919 1784 1121 1853 verosimilis

165 1876 170 1888 ’
232 1890 278 1947 est
302 1869 453 1936 invalida.
477 1870 520 1952 (l)

189 1960 239 2040 fl)
263 1957 365 2047 Quod
387 1956 427 2019 ad
450 1957 714 2041 dispensationem
734 1970 766 2018 et
785 1955 1031 2023 absolutionem
1045 1957 1122 2022 inhtt

231 2067 267 2107 re
289 2041 422 2117 adtinet,
445 2044 616 2105 simoniam
639 2045 724 2106 inter
745 2057 777 2104 et
798 2044 924 2129 poenas·
938 2045 976 2107 in
993 2050 1122 2111 amcos

232 2129 359 2190 stitutas
381 2126 575 2209 distinguere
598 2150 722 2194 necesse
743 2142 801 2195 est.
846 2134 881 2211 1)
907 2127 1059 2196 Simonis
1068 2131 1122 2222 jun

112 2218 118 2242 ¹
139 2280 142 2287 ,
230 2211 337 2276 divino
350 2209 511 2296 prohibita
526 2211 793 2297 dispensationem
806 2211 899 2278 haud
908 2215 1069 2297 admittit,
1081 2234 1122 2278 net
1143 2264 1144 2271 .

167 2293 169 2301 ’
232 2320 379 2384 unquam
401 2294 490 2362 licita
511 2319 576 2361 esse
597 2290 713 2383 potest.
758 2302 793 2384 2)
824 2298 864 2362 ln
888 2304 1002 2383 poenis
1024 2317 1130 2381 contra,-

234 2400 273 2449 ut
296 2406 361 2472 que
382 2407 422 2448 ex
443 2386 515 2468 jure
537 2383 693 2449 duntaxat
707 2381 925 2449 eeclesiastico
937 2387 1130 2463 descendenti

231 2471 311 2536 item
333 2469 369 2532 in
389 2470 526 2535 simonie
549 2470 631 2552 juris
660 2468 865 2535 ecclesiastici
880 2456 1129 2559 dispensationi!

229 2555 367 2640 gratiam
389 2557 444 2618 vix
466 2578 611 2640 unquam
632 2556 770 2635 antehac
792 2555 926 2634 datam,
951 2554 1129 2643 urgentem¹

232 2642 376 2706 cessitate
398 2638 596 2724 largiendam
617 2663 701 2722 esse,
724 2640 877 2707 Urbtnus
898 2642 1117 2716 theonestus

230 2728 283 2811 (g)
327 2724 372 2790 Et
402 2727 439 2805 ὅ)
462 2724 640 2813 Episcopus
662 2726 795 2814 quidem
817 2726 1008 2815 dispensare
1030 2726 1118 2816 poterit

232 2835 308 2876 curn
319 2837 368 2888 eo,
381 2814 437 2898 qui
450 2810 641 2889 beneficium
653 2810 791 2899 simplex
802 2807 1118 2898 persimoniamtertii

230 2897 366 2984 adeptus
381 2915 440 2982 est,
453 2898 597 2964 criminis
605 2895 701 2984 plane
710 2901 838 2964 inscius.
852 2896 913 2985 (h)
925 2897 1020 3002 Alips
1029 2907 1064 2987 4)
1091 2897 1097 2912 ’
1138 2922 1141 2927 ·

1000 3004 1003 3009 ’
1017 3007 1091 3071 pen·

262 3102 300 3175 C.
325 3114 364 3190 27
388 3118 420 3164 et
442 3100 493 3165 23.
517 3100 557 3166 de
578 3094 696 3167 simon.
1079 3100 1082 3105 ’

263 3188 299 3253 C.
324 3214 354 3277 9.
381 3185 489 3251 Canes.
514 3187 541 3254 I.
566 3210 600 3275 q:
623 3187 655 3252 3:
679 3209 707 3251 c.
732 3210 784 3275 27.
810 3186 923 3254 Caulo.
948 3188 976 3254 l.
1000 3211 1035 3278 q.
1060 3143 1112 3248 t...

203 3106 240 3182 b)

203 3196 238 3269 c)

207 3273 245 3354 d)
269 3273 304 3337 C.
332 3277 362 3337 5.
387 3273 511 3337 dener.
533 3289 723 3361 permutat⁸¹

203 3362 236 3438 e)
261 3357 294 3421 C.
322 3362 371 3422 15.
397 3359 438 3422 de
453 3356 588 3424 'Cereio
612 3383 641 3424 c.
666 3361 698 3424 6.
722 3357 899 3446 depactis.

203 3441 229 3528 l)
251 3440 289 3505 C.
315 3465 353 3527 27
377 3443 419 3503 55
441 3443 482 3508 de
500 3445 619 3510 simon.
643 3468 672 3510 c.
696 3467 729 3507 a.
748 3444 820 3509 eod.
849 3461 977 3510 extrav.
1003 3463 1106 3510 comm

258 3524 389 3618 [Synod.
412 3528 509 3596 Rom.
532 3532 574 3599 A.
599 3551 690 3624 ¹⁰99·
713 3530 800 3619 apud
824 3530 966 3600 Grato.
992 3529 1078 3599 usa

116 3654 120 3663 ’
188 3614 386 3786 (hidacii.
409 3704 449 3780 ce
468 3696 576 3771 mea.
642 3765 649 3781 ,
686 3735 710 3781 ,·
