2340 4094
130 174 203 298 514Ι
215 194 382 282 Sutrii.
403 202 610 306 nejadialss,
630 202 767 325 r'lelietr‘i,⁸
784 202 1139 309 penitenciesitrttielts'

128 359 172 427 ut
200 350 346 451 quaevis
376 371 535 424 censura
565 349 691 449 gravis
716 348 813 441 alie,
832 349 947 446 ferri
975 332 1131 451 nequit,

54 457 58 467 '
117 445 202 523 'nisi
222 454 259 545 1)
278 446 328 520 ob
346 445 679 548 delictum-grave,
703 454 744 544 2)
762 459 798 522 ct
812 449 853 522 in
872 451 1132 525 communita-

91 548 93 555 ’
128 557 221 638 tem,
246 545 320 621 nisi
347 545 398 619 ob
427 545 605 623 delictum
639 571 850 622 commune.
912 555 962 648 5)
986 546 1132 650 Quodsi
1163 564 1166 575 ·

127 663 328 759 suspensus
353 643 486 742 polam
515 668 668 743 quoque
704 643 752 719 sit
786 646 1061 736 denuntiatus,
1092 647 1131 718 in

52 778 58 791 =
127 742 275 816 actibus
297 742 368 841 ipsi
390 741 593 841 prohibitis
613 742 752 827 habere
773 768 862 819 oum
884 770 932 817 eo
952 770 1128 838 commu·
1158 750 1162 901 q

61 861 65 868 ·
108 839 281 914 cionem
303 839 505 914 nonlicet.

169 930 205 1025 *J
222 937 275 1004 Ad
296 960 406 1024 poenes
428 933 634 1001 medicinales
651 933 877 1007 ecclesiasticus
898 941 1054 1007 revocari
1074 939 1127 1004 iti·
1158 934 1161 993 l

211 1022 288 1090 dem
309 1038 415 1109 potest
433 1021 616 1109 punitentia
635 1021 765 1109 publicu
785 1023 827 1088 ad
848 1020 972 1089 delicta
984 1026 1127 1114 inprimis

240 1105 361 1175 ublica‘
373 1125 405 1175 et
425 1109 574 1194 graviora,
594 1108 752 1193 expianda
773 1126 847 1196 post
872 1109 1028 1175 medium
1047 1135 1127 1182 secu·

83 1222 85 1229 ·
128 1188 132 1199 ¹
160 1270 168 1275 ⁴.
210 1130 283 1261 dim
305 1193 365 1261 ΙΠ.
385 1195 522 1273 invecta.
552 1192 693 1294 'Nempe
721 1192 937 1280 r)'occa'sioue
948 1195 1127 1261 schismatis

154 1324 173 1372 ,»
202 1280 388 1350 Novatiani
409 1279 568 1347 austerior
589 1275 770 1378 disciplina,
796 1282 1012 1383 quatuorque
1033 1283 1127 1370 poeui-

212 1367 354 1432 tentium
375 1365 504 1449 gradus,
525 1387 582 1429 seu
603 1378 757 1431 stationes
780 1364 965 1431 introducta
988 1375 1026 1450 a)
1038 1370 1128 1458 flt¹l⁴

211 1453 310 1530 tium,
340 1452 398 1539 qui
429 1452 464 1515 in
485 1451 639 1514 exteriori
660 1449 800 1535 ecclesiae
822 1450 906 1515 atrio
929 1454 1056 1544 positi,
1076 1454 1127 1517 in-

139 1570 141 1574 *
210 1537 431 1622 gredientiunr
461 1558 572 1623 preces
607 1536 692 1601 inter
724 1537 826 1602 varias
858 1535 967 1601 animi
1001 1538 1127 1603 contriti

150 1619 154 1635 ‘
211 1622 459 1709 significationes
474 1619 712 1708 implorabant:
736 1622 776 1704 h)
789 1621 1024 1703 audientum„
1051 1624 1126 1699 uiin

211 1706 352 1775 ecclesia
373 1705 534 1774 vestibulo
563 1730 669 1779 sacrm
697 1706 862 1772 'sermones
883 1647 1126 1786 auscultdlunt,

212 1811 359 1862 cetarum
390 1792 425 1860 S.
458 1791 605 1877 Liturgia
635 1788 776 1859 exclusi:
811 1796 846 1874 c)
879 1792 1125 1871 substratorum,

260 1882 273 1948 i
294 1879 446 1967 prostrati
467 1879 654 1967 crebrisque
684 1900 841 1943 manuum
862 1878 1127 1964 impositionibus

211 1904 341 2030 ldlstrati
362 1983 438 2030 ante
459 1963 680 2048 oblationem,
714 1986 771 2048 aen
792 1965 957 2048 inceptam
984 1962 1125 2031 fidelium

210 2051 342 2114 missum
364 2049 455 2113 abire
487 2049 672 2123 debebant:
703 2048 755 2131 d)¹
773 2049 1044 2133 consistentium,
1074 2049 1125 2139 qui

210 2151 359 2221 tempore
379 2133 531 2199 sacrificii
552 2137 586 2198 in
608 2131 741 2199 ecclesia
754 2135 887 2223 quidem
900 2136 1126 2219 persistebant,

179 2224 183 2235 ¹
210 2214 322 2309 neque,
338 2235 446 2285 temen
469 2219 512 2283 ad
532 2215 724 2301 oblationes,
747 2217 1035 2295 sutEucharistiae
1048 2243 1127 2286 com·

183 2316 186 2323 '
211 2306 404 2383 munionem
424 2304 515 2370 fuere
542 2303 684 2371 admissi.
730 2307 765 2392 a)
795 2305 862 2371 Hos
893 2305 1018 2390 gradus
1047 2307 1126 2371 inter

165 2399 167 2403 ’
185 2448 192 2457 .
211 2386 313 2463 ardua
336 2391 534 2479 poenitentiae
556 2413 653 2478 opera
682 2404 871 2476 percurrere
894 2386 1003 2474 vulgo
1040 2393 1127 2457 ravi-

137 2518 140 2522 ·
191 2500 310 2545 -orum
332 2478 510 2555 criminum
530 2476 578 2543 rei
601 2477 805 2563 tenebantur,
828 2475 909 2541 dum
929 2476 975 2542 ad
998 2415 1127 2564 plenam
1154 2534 1157 2539 .

211 2558 352 2631 etdmiae
387 2563 653 2647 communionem
685 2562 946 2627 admitterentur.
1006 2563 1127 2629 Passim
1149 2558 1159 2629 ,ἶ

211 2664 321 2721 tamen
344 2649 583 2745 Episcoporum
603 2648 783 2737 prudentie
804 2663 874 2713 erat
894 2643 1068 2733 relictum,
1088 2651 1125 2714 ol)
1149 2676 1152 2689 ¹

209 2736 397 2826 poenitentis
428 2735 609 2816 fervorem,
642 2737 685 2799 ob
717 2735 868 2817 ingruens
883 2735 1042 2816 mortis,
1075 2747 1128 2799 aut

177 2852 180 2857 ·
211 2821 443 2910 persecutionis
454 2819 657 2906 periculum3
669 2836 725 2885 aut
736 2824 776 2884 ad
787 2820 976 2906 Martyrum
991 2816 1127 2897 libellos,

135 2910 138 2923 ’
211 2929 276 2974 teu
291 2905 555 2995 deprecationes,
575 2901 773 2992 ss-tloug'um
785 2905 988 2991 poenitentiae
1002 2923 1128 2993 tempus

211 2994 416 3078 restringere.
445 2990 482 3072 3)
504 2991 535 3056 ls
558 2992 753 3078 poenitentiae
772 2994 860 3076 rigor
878 2986 1057 3076 paullatim
1072 3015 1127 3059 re-

211 3080 301 3144 misit
322 3101 341 3163 a
361 3080 425 3142 sec'.
449 3076 525 3150 Vll.
551 3076 647 3142 subin
669 3076 867 3164 poenitentias
888 3074 1034 3161 public'ae
1057 3075 1125 3142 loco

140 3198 143 3205 ·
212 3164 508 3248 peregrinationem
530 3162 685 3248 professio
707 3160 866 3248 religiosa,
890 3182 1017 3247 preces,
1040 3160 1127 3228 elee-

210 3268 353 3336 mosynae
375 3267 436 3314 etc.
460 3249 586 3334 imponi
607 3254 785 3336 coeperunt.
809 3254 848 3330 4)
865 3246 1053 3315 ὃθο.Χ]ΙΙ.
1067 3271 1125 3313 an-

124 3379 128 3409 ,
160 3336 164 3347 ’
212 3332 362 3417 tiquioris
385 3333 563 3420 disciplinae
596 3341 650 3399 vix
687 3337 803 3400 umbra
824 3349 1030 3420 supperreat.
1081 3331 1124 3422 Cf.

149 3442 152 3451 ·
173 3486 175 3491 ,
215 3421 402 3504 Rnpprecdt
423 3430 501 3486 dot.
524 3421 557 3483 in
577 3430 612 3485 J.
639 3429 721 3498 Can,
744 3420 789 3485 ad
810 3429 939 3488 Decret.
956 3428 997 3483 n.
1018 3428 1061 3483 V.
1077 3431 1124 3489 nt.

211 3503 266 3573 ³8.
287 3526 320 3566 n.
344 3506 399 3574 35.
421 3527 489 3595 seq.
514 3515 589 3575 Van
610 3516 715 3596 Espen
734 3516 770 3582 J,
790 3515 831 3574 Ε.
852 3528 909 3599 un.
930 3512 975 3570 P.
1000 3513 1055 3573 ΙΙ.
1080 3505 1142 3568 tis

215 3591 248 3659 6.
270 3615 297 3658 c.
321 3608 354 3658 a.
730 3672 733 3677 ¹
795 3670 799 3675 ,

360 3674 364 3687 ’
833 3742 836 3747 .
929 3679 966 3776 S.
994 3675 1082 3757 802.
