2340 4094
266 242 348 326 cop.
370 248 401 305 1.
445 246 495 305 De
512 237 663 303 Personis
684 237 916 310 ecciesiasticis,
1049 258 1086 301 rr

173 370 278 447 terius
300 372 513 457 intercedant,
535 378 590 455 (a)
614 372 734 437 Contra
757 374 945 457 irreguiaras
966 375 1089 458 sunta)

80 456 100 465 ”
176 459 365 521 occidentes
386 474 442 522 aut
463 457 648 524 mutilantes
669 455 811 541 aliquem
834 461 868 520 in
891 456 1089 525 bolloetiatu

72 590 79 615 .,
172 536 275 625 juito,
299 543 359 606 nisi
372 562 521 609 occurrat
533 542 705 607 necessaris
718 545 858 609 defensio
865 569 998 631 propria
1009 546 1086 609 vita:

81 660 84 665 ·
173 628 215 707 3)
236 629 273 690 in
295 627 383 692 bello
406 645 515 693 autern
536 632 656 709 iniusto
674 642 851 714 pugnantes
865 652 976 693 omnes
998 631 1089 695 irre-

174 708 382 796 gularitatem
407 716 621 791 contrahunt,
643 716 671 778 si
694 715 745 782 sel
767 735 850 777 tinus
872 716 1001 779 adversa
1024 738 1089 779 ex-

68 796 73 821 ¹
171 814 268 884 parte
290 801 457 864 occidatur
479 816 535 863 aut
548 796 728 874 mutiletur,
753 805 808 883 (o)
823 799 894 863 t‘tl.
908 822 945 863 ex
959 800 1088 889 defectu

175 884 339 947 libertatis
367 893 400 968 ι)
424 889 553 949 uxorati
576 907 677 948 uxore
701 887 827 965 invita,
860 882 909 951 vel
930 888 967 948 in
988 886 1088 950 coeli·
1132 897 1139 906 '

169 967 254 1031 batn
276 972 385 1033 vivere
407 966 535 1034 nolente
547 977 638 1053 ;·(p)
663 979 700 1054 2)
723 972 807 1035 servi
827 971 895 1034 sive
917 972 1087 1053 originarii

171 1056 242 1117 sive
266 1055 443 1141 adscriptii,
465 1057 532 1120 sive
554 1054 643 1121 bello
657 1060 766 1140 περιῇ
788 1056 935 1118 homines
947 1058 1088 1141 proprii,

87 1178 92 1195 ι
128 1215 131 1219 Δ
169 1140 236 1203 nisi
258 1140 446 1205 obtineatur
468 1164 638 1205 consensus
650 1140 806 1218 Domini,
829 1147 883 1228 (q)
900 1144 937 1287 δῖ
949 1139 1088 1208 curiales

167 1243 419 1310 procuratores,
451 1224 662 1311 tabelliones,
694 1244 876 1303 curatores,
900 1227 955 1289 aii
983 1250 1022 1291 ue
1043 1227 1087 1294 sd

170 1308 353 1375 reddendas
372 1312 514 1377 rationes
537 1313 644 1376 adhuc
665 1310 821 1397 obligati:
857 1315 909 1398 (r)
934 1250 1021 1395 Vill.
1044 1336 1085 1379 ex

167 1395 309 1482 dissecto·
323 1398 409 1461 tituli
430 1396 475 1461 ad*
491 1420 597 1462 sacros
612 1400 740 1463 ordines
756 1398 939 1482 promoveri
957 1421 1087 1484 neque-

165 1495 230 1544 unt
257 1486 292 1562 i)
317 1498 460 1546 carentes
482 1484 575 1547 titulo
598 1490 633 1567 a)
651 1484 857 1569 patrimonii,
880 1483 1085 1572 bireligiosoe

165 1566 387 1653 professionis,
411 1584 467 1632 aut
480 1573 688 1654 paupertatis,
712 1571 863 1652 maioni,
887 1576 921 1651 c)
941 1569 1085 1658 benificii

153 1648 220 1715 *rel
247 1666 368 1730 meiisae,
388 1654 432 1739 (s)
454 1654 493 1718 de
516 1677 582 1739 quo
593 1653 691 1740 paulo
704 1671 777 1743 post
787 1671 933 1720 recurret
945 1656 1083 1721 mentio.

404 1796 409 1807 ,
439 1799 443 1806 .
549 1802 555 1814 ,
611 1767 663 1814 II.

126 1834 310 1909 Ceterum
338 1744 610 1936 irregularitati
628 1842 665 1935 ι)
694 1863 741 1911 ex
766 1837 915 1911 defectu
939 1848 1083 1936 tempo·

80 1931 156 2023 ¹rali¹
175 1960 206 2009 e.
219 1958 255 2031 g;
274 1935 404 2025 aetatis,
431 1934 597 2010 scientiae
610 1948 678 2012 oto.
690 1937 931 2031 proveniens,
950 1939 1081 2010 ex'de-

83 2027 177 2104 iectu
194 2031 346 2105 sublato
364 2047 498 2120 cassan
516 2040 557 2127 2)
576 2054 623 2109 ex
637 2034 783 2107 defectu
800 2035 980 2108 natalium
995 2044 1080 2111 orta

81 2152 144 2224 per
170 2126 448 2226 professionem
474 2132 688 2230 religiosam
714 2132 939 2233 abstergitur
963 2134 1082 2207 relato

82 2225 123 2297 ad
139 2224 178 2300 S.
196 2225 352 2300 ordines
370 2239 529 2318 tantum,
555 2256 632 2303 non
650 2231 699 2304 ad
712 2229 913 2328 ¹dignitates
929 2230 1081 2329 adipis-

81 2323 214 2395 caudas
233 2324 279 2418 (i)
305 2332 344 2422 3)
361 2325 434 2398 alia
453 2327 587 2416 omnis,
615 2353 703 2425 quae
724 2328 820 2426 juris
835 2324 992 2402 humani
1009 2339 1076 2422 est,

80 2418 337 2520 irregularitas
363 2448 434 2520 per
460 2425 775 2522 dispensationem
802 2432 839 2520 ἰ)
867 2427 1021 2500 tollitur.
1093 2424 1103 2441 ⁴

116 2520 147 2607 Ἴ
165 2517 286 2583 Potest
307 2521 490 2605 dispensare
518 2528 549 2601 ι)
570 2523 722 2589 Pontifex
754 2525 788 2587 in
810 2523 901 2586 omni
923 2515 1079 2606 irregula-

157 2604 258 2671 ritate
281 2626 341 2692 per
361 2608 414 2692 jos
433 2607 617 2674 humanum
639 2609 782 2693 inducta,
807 2607 1077 2704 aJEpisoopusiu

429 2718 433 2725 ·
943 2712 1033 2755 irre-

104 2878 1077 2915 mmm

114 2964 172 3047 (n)
196 2958 234 3024 C.
259 2978 278 3022 2
302 2959 343 3024 de
363 2959 521 3027 homicid.
554 2964 588 3026 in
620 2958 714 3027 ref.
734 2958 848 3046 Espen
869 2957 896 3034 l,
920 2960 1077 3041 cit,.c.4·
1149 3002 1150 3006 =

161 3069 196 3110 n.
227 3067 275 3116 rs.

115 3136 169 3212 (o)
192 3130 232 3196 C.
255 3133 289 3196 6.
315 3147 357 3210 24
378 3130 419 3197 de
440 3130 597 3197 homicid.
621 3154 651 3203 e.
680 3152 692 3193 1
715 3131 791 3197 dist.
808 3136 845 3204 51
864 3127 969 3201 Clem.
984 3131 1074 3196 unio.

159 3215 201 3279 de
224 3215 383 3282 homicid.
562 3260 564 3265 -
997 3254 1000 3259 ·
1132 3268 1136 3275 .

84 3303 126 3386 “(
148 3303 163 3385 )
186 3300 226 3371 C.
251 3299 312 3369 ult.
336 3302 377 3368 de
399 3314 499 3389 temp.
523 3319 556 3368 et
578 3300 691 3389 qualit.
714 3301 821 3367 ordin.
845 3305 879 3367 in
904 3304 936 3366 6.

112 3388 169 3474 (q)
191 3384 229 3451 C.
257 3410 306 3452 12.
331 3409 369 3450 21
396 3387 471 3453 dist.
497 3391 539 3467 54
561 3402 592 3453 ct
617 3391 666 3453 tit.
690 3390 850 3454 deservis
872 3411 940 3453 non
961 3388 1072 3453 ordin.

112 3475 164 3557 (r)
187 3472 227 3545 G,
255 3494 302 3542 ra.
329 3472 444 3553 &dist
468 3476 503 3538 51
531 3489 563 3538 ot
587 3474 629 3538 53
651 3486 753 3539 totam
773 3499 803 3538 c.
821 3496 885 3537 «un.
909 3474 949 3536 de
970 3471 1080 3560 ohlig·'

156 3558 199 3621 ad
221 3558 337 3622 ratior.
363 3557 412 3622 Cf.
435 3558 631 3627 Thomassin
654 3557 679 3631 l,
703 3562 758 3624 cit,
783 3585 811 3628 c.
836 3560 979 3650 dii-67·
1053 3592 1057 3605 ·

112 3642 161 3725 (s)
184 3642 221 3707 C.
246 3667 265 3706 a
288 3642 405 3717 ctult.
430 3643 472 3710 do
496 3643 665 3710 Praebend.
690 3662 722 3710 et
744 3643 861 3728 dignit.
964 3675 968 3681 ’

114 3733 160 3815 (t)
185 3729 223 3796 C.
249 3749 262 3793 t
289 3743 324 3795 et
344 3728 408 3797 ult.
431 3730 472 3797 d'e
494 3726 530 3796 fit
543 3731 700 3819 ⁸Preahst.
782 3770 785 3776 -
