2340 4094
227 251 310 340 cap.
333 259 367 316 1.
406 253 459 318 m
478 249 616 317 assera
638 226 869 319 aereaere.
934 242 936 251 ·
986 252 1103 334 rsa:-

53 390 114 460 tus
130 410 155 458 a
168 385 383 462 testimonio
401 386 563 461 dicendo
580 413 642 477 se,
667 387 739 460 nisi
756 383 910 461 arctiori
926 408 1063 464 secre-.

53 483 106 575 ti,
150 486 215 557 aut
258 485 541 559 necessitudinis
576 478 780 577 naturalis,
823 485 1056 585 obligatione
1089 546 1094 557 .

54 596 279 676 excusetur,
327 583 551 657 subtrahere
585 584 735 682 nequit·
786 585 921 660 Immo·
945 581 1057 658 testi-

54 681 228 752 monium
251 682 341 756 dare
373 682 490 754 ‘ussus
517 683 585 780 qui
612 689 784 772 recusat,
810 680 926 765 variis
948 685 995 754 ad
1016 681 1081 756 id'

57 776 259 881 dicendum
290 709 413 853 mosiis
449 781 556 879 cogi,
593 780 706 878 atque
741 765 909 854 censuris
942 781 1056 855 etiam

57 877 235 973 compelli
253 905 276 950 a
301 877 429 976 judice
456 890 694 979 competente
719 882 861 978 potest:
887 903 957 950 nec
980 879 1058 950 ob-

55 982 145 1065 stat,
172 977 278 1072 quod
295 977 379 1074 quis
396 1002 434 1046 se
454 977 711 1050 testimonium
736 975 840 1048 haud
864 973 1059 1050 dicturum

56 1095 135 1151 esse
171 1072 358 1171 juraverit
393 1070 455 1169 (n)¹
528 1077 571 1169 6)
609 1075 841 1162 Productus,
878 1074 1060 1163 adversus

55 1194 171 1267 quem
197 1181 305 1244 testor
329 1170 509 1270 producti
534 1184 645 1262 sunt,
687 1179 728 1266 a)
765 1182 899 1246 contra
925 1182 1060 1265 testes,
1135 1234 1143 1253 ,

9 1308 12 1316 ·
56 1279 122 1342 aut
148 1269 327 1342 articulos
353 1269 515 1369 excipit,
545 1271 675 1366 velb)
702 1269 848 1362 dubias
861 1264 1061 1368 exceptio-

56 1390 123 1439 nes
146 1365 414 1464 posttestium
440 1369 733 1466 productionem
770 1367 843 1440 sibi
872 1376 1060 1451 reservat:

56 1464 246 1563 simulque
273 1471 312 1557 c)
338 1465 491 1542 exhibet
522 1464 815 1566 interrogatoria
839 1476 914 1539 tam
940 1490 1062 1564 gene·
1105 1518 1108 1523 -

56 1564 181 1654 ralia,
209 1591 324 1662 quam
349 1565 528 1663 specialia
551 1565 602 1639 ad
626 1589 819 1656 caussam,
856 1565 1063 1676 personas-

57 1686 134 1759 que
159 1663 309 1735 testium
334 1666 556 1760 spectantia3
582 1688 670 1761 quae
694 1673 820 1747 tamen
846 1687 877 1733 s1
902 1660 1063 1758 injurio
1122 1684 1140 1735 s

58 1768 122 1848 sa,
148 1762 179 1832 si
197 1761 344 1833 adrem
364 1759 464 1834 haud
482 1759 724 1859 pertinentia,
751 1760 782 1832 si
800 1757 969 1858 captiosa
984 1756 1064 1830 fue·

58 1857 164 1948 rint,
208 1884 231 1930 a
266 1857 395 1956 judice
431 1856 688 1957 rejiciuntur„
721 1857 840 1933 Subin
878 1861 920 1970 7)
954 1863 1069 1931 testes

58 1952 288 2054 plerumque
314 1956 500 2055 praeseitte
525 1965 635 2057 parte
661 1952 821 2032 adversa
838 1954 1063 2052 recipiendi,

35 2063 99 2125 ‘et
123 2053 375 2151 jurisjurandi
401 2055 585 2157 religione
623 2055 901 2130 addicendum
929 2078 1064 2143 verum

60 2151 322 2250 obstringendi
339 2163 439 2244 snut,
464 2182 535 2239 nec
564 2154 812 2254 excipiuntur·
837 2152 947 2225 etiam
976 2151 1067 2223 Cle-

40 2250 134 2324 .rici
150 2277 160 2335 ;
191 2253 272 2325 ,aut
306 2252 498 2348 religiosi,
535 2253 608 2326 nisi
643 2264 769 2350 partes
807 2251 991 2348 litigantes
1025 2247 1067 2322 in

60 2348 193 2422 c'aussa
208 2349 350 2446 privati
368 2350 529 2439 arbitrii,
548 2360 612 2423 aut
629 2349 863 2423 cousuetudo
882 2348 944 2438 tt)
963 2344 1092 2418 ideis*

60 2447 277 2522 remiserint
294 2452 369 2540 (o).
406 2448 585 2546 Sequitur
601 2447 670 2519 ΙΙΙ.
689 2451 874 2522 Examen
891 2445 1041 2516 testium
1055 2470 1068 2511 .·

64 2547 106 2638 1)
133 2558 240 2618 testes
258 2546 476 2644 injudicio,
503 2544 574 2627 nisi
592 2541 664 2616 sint
682 2567 857 2642 personae
874 2539 1070 2635 impeditae

64 2645 118 2738 (e.
143 2671 176 2742 g.
190 2646 337 2740 aegroti,
363 2668 482 2735 senes,
509 2643 600 2735 etc.)
626 2653 691 2714 aut
707 2639 958 2741 privilegiatae
986 2641 1069 2734 (p),
1142 2712 1147 2729 ,

62 2746 107 2836 2)
132 2741 302 2833 seorsim,
329 2752 366 2814 et
390 2755 531 2836 secreto
546 2737 711 2812 remotis
748 2738 921 2836 partibus
949 2735 1071 2819 inter*

62 2840 189 2936 rogati
215 2841 264 2911 ad
290 2838 493 2921 articulos,
531 2848 612 2912 tum
651 2837 870 2932 apartibus
896 2834 1069 2926 oblatos,

63 2947 148 3010 tum
174 2963 196 3007 a
223 2936 352 3033 judice
380 2960 427 3009 ex
449 2936 575 3023 officio
593 2935 747 3019 additos⁴
768 2931 984 3033 singillatim
1007 2958 1073 3005 re-

34 3071 43 3077 ·
64 3034 280 3131 spondeant
292 3062 303 3118 ;
329 3041 369 3133 5)
395 3028 640 3131 responsa‘in
666 3035 896 3132 scripturam
911 3028 1073 3104 fideliter

64 3131 223 3210 redacta
256 3131 500 3232 respondenti
538 3132 674 3206 iterato
710 3131 996 3231 praelegantur3
1031 3132 1073 3224 4)

504 3228 609 3329 ng
650 3260 661 3341 j
928 3252 1025 3301 con-

97 3440 1074 3477 mmm

195 3524 198 3531 t

66 3646 69 3651 ,
115 3578 173 3662 (n)
196 3540 389 3651 C.⁸18.33.
411 3594 478 3664 req.
502 3573 544 3640 de
564 3528 717 3680 Tenues
732 3575 766 3650 5.
784 3572 822 3679 ’6.
846 3594 889 3659 9³1
902 3546 1100 3643 ἆθΤθῦῑίἶὶζιι
1146 3641 1152 3651 ,

158 3660 290 3746 cogenti.

115 3753 171 3831 (⁰)
193 3747 228 3816 G·
260 3748 310 3837 17·
335 3769 386 3841 29·
413 3746 467 3844 39.
492 3745 535 3823 da
556 3740 674 3825 ‘teu'
775 3788 794 3825 μ
