2340 4094
1008 210 1077 283 itit·

65 334 260 437 petilmettta
284 326 469 415 dirimentis
492 347 675 428 statuendi,
705 346 785 441 824)
815 334 897 415 iiam
926 352 959 415 21
979 348 1014 414 in¹
1036 350 1077 416 iis

66 435 280 523 dispensandi
302 434 402 501 hodie
423 432 485 499 soli
507 432 662 499 Pontifici
684 452 741 498 ant
763 432 913 501 Consiliis
934 458 1076 521 genera-

49 522 385 607 ¹lilius‘rescrtiatur:
416 542 531 585 verum
553 522 588 585 in
609 523 668 595 iia,
704 520 762 586 ubi
793 523 983 601 necessitas,
1017 536 1076 588 sut

65 626 154 675 certa
179 604 308 673 utilitas
329 608 363 672 id
386 606 509 691 exigit,
542 606 621 671 item
651 610 682 670 a!
716 604 880 693 privilegii
911 606 1075 689 pontificii

64 694 259 780 dispensant
279 686 431 781 pluribus
454 692 488 755 in
510 692 635 756 casibus
657 692 828 779 Episcopi.
849 694 928 843 625)
938 692 998 757 Dis
1023 712 1076 759 eu·

63 784 146 845 satio
170 796 284 844 antem
306 780 420 844 Romae
442 775 496 843 acl
516 780 551 842 in
574 778 840 855 Poenitentlaria',
871 780 909 843 ie
943 780 978 845 in
1033 802 1075 847 af·

63 868 150 935 taria-
171 865 389 932 conformiter
409 864 505 952 praxi
527 879 559 930 et
579 863 654 929 stilo
677 864 776 929 'curiae
797 864 950 952 peteuda.

197 1014 209 1023 “
295 1032 841 1125 ARTICULUSIV.

201 1188 516 1277 De'I'mpadimentis
546 1187 747 1253 Matrimonii
767 1174 946 1275 speciatim.
986 1186 989 1193 ’

131 1344 169 1429 ’3.
195 1352 277 1435 626)
318 1349 558 1437 impedimenta
591 1350 840 1416 matrimonium
862 1348 1075 1437 impedientia

62 1454 143 1502 sunt
166 1435 472 1519 ecolesiaevetitnrn,
492 1437 592 1519 feriae,
614 1436 784 1523 sponsalia,
809 1438 924 1502 votum
932 1434 1075 1524 simplex

63 1524 235 1594 castitatis.
258 1523 551 1613 627)⁸Dirimentia
572 1522 743 1603 commode
755 1522 797 1587 221
808 1539 950 1611 quatuor
960 1519 1076 1589 classes

62 1608 278 1693 referuntur,
301 1612 381 1695 628)
401 1608 525 1675 scilicet
547 1632 587 1673 cx
609 1607 739 1674 defectu
760 1626 933 1674 consensus
944 1608 1075 1677 dirimit

16 1756 26 1771 ,.
62 1719 162 1761 error
186 1696 274 1760 circa
294 1718 478 1781 personam,
501 1710 559 1757 aut
580 1696 665 1761 circa
689 1692 870 1782 qualitates,-
892 1718 965 1781 quae
986 1717 1075 1761 erro·

61 1798 139 1847 rem
163 1781 249 1845 circa
270 1804 444 1867 personam
465 1780 659 1862 involvunt,
693 1798 750 1847 aut
782 1783 873 1869 queis
899 1789 1074 1851 consensus

61 1880 218 1951 expresse
239 1885 287 1933 est
308 1864 478 1951 alligatns;
501 1869 580 1955 629)
601 1866 747 1931 conditio
768 1888 886 1955 nempe
896 1874 1075 1936 212222222-

61 1953 141 2021 vilis
150 1955 317 2037 ignoratus
330 1955 372 2021 ab
382 1952 482 2018 altera
492 1972 584 2039 parte
595 1950 711 2033 libara3
723 1970 755 2017 et
765 1952 911 2040 adposita
925 1951 1073 2019 conditio

60 2042 150 2123 fini,
172 2054 205 2103 et
224 2040 412 2105 substantia
435 2030 638 2104 matrim'onii
659 2059 860 2125 repugnans:
892 2038 972 2189 652)
999 2040 1073 2122 vis,

59 2150 124 2194 sau
147 2143 252 2191 metas
273 2126 420 2210 gravissi
442 2146 550 2191 caussa
573 2124 675 2189 libera
697 2126 739 2189 ad
760 2142 943 2213 extorqueat
967 2126 1072 2191 umit't

60 2214 198 2299 nuptias
209 2226 404 2277 consensum
414 2212 533 2295 injuste
543 2212 707 2275 incussus:
724 2211 803 2294 631)
813 2227 937 2298 raptus,
958 2234 1072 2299 quam·

61 2300 126 2365 din
149 2316 242 2382 rapta
265 2314 314 2362 222
334 2300 371 2362 in
390 2315 547 2384 potestate
569 2300 720 2382 raptoris.
764 2298 846 2381 652)
869 2296 927 2363 Ob
955 2295 1072 2363 defec-

63 2402 139 2451 tum
161 2382 324 2449 libertatis
346 2385 593 2449 matrimonium
615 2384 775 2447 dirimunt
802 2399 918 2448 votum
938 2382 1072 2449 solenne·

62 2470 244 2552 castitatis,
276 2468 359 2533 ordo
391 2482 501 2547 sacer,
533 2467 674 2554 ligamen
705 2471 824 2557 prioris
854 2470 1071 2540 matrimonii.

64 2558 149 2641 655)
173 2555 231 2621 Oh
255 2552 420 2620 defectum
441 2553 619 2620 habilitatis
651 2555 777 2619 dirimit
798 2556 992 2641 impotentia
1014 2576 1071 2618 an·

65 2644 229 2727 22226222,
253 2658 433 2729 perpetuu
455 2660 521 2707 non
542 2643 623 2707 item
641 2639 804 2719 sterilitas,
828 2643 993 2726 654)22222
1006 2640 1070 2706 int*

65 2724 213 2806 matura,
243 2746 278 2793 et
306 2726 412 2793 cultus
445 2730 632 2814 disparitas:
667 2727 743 2790 dein
769 2726 847 2811 655)
868 2726 993 2791 oritnen
1015 2714 1070 2793 tel

64 2812 165 2880 solius
186 2814 363 2898 adulterii,
385 2812 437 2879 sel
458 2817 556 2879 salius
577 2811 809 2896 conjugicidii,
833 2808 885 2877 sel
899 2814 1001 2877 utrius
1027 2828 1069 2878 aa·

63 2899 186 2979 simul3
208 2900 294 2983 656)
316 2902 465 2986 cognatio
487 2898 667 2978 naturalis,
699 2894 832 2981 legalis,
866 2834 1067 2984 spirituaiis3

65 2988 146 3073 657)
168 2984 305 3057 affinitas
328 3005 361 3052 et
381 2984 699 3073 publicahonestas.
748 2981 892 3050 Demut'n
920 2978 1004 3069 658)
1024 2994 1067 3048 ex

65 3074 195 3144 defectu
215 3070 420 3143 solennitatis
441 3072 689 3141 matrimonium
710 3067 837 3139 dirimit
862 3068 1068 3141 anatemat-

45 3176 125 3239 ΙΙ)
207 3210 212 3221 ·
854 3182 857 3191 '
