2340 4094
55 274 130 361 Cep.
152 270 208 339 Π.
230 278 280 340 De
296 269 445 345 clericor.
458 272 688 340 sustentatione
699 286 731 340 et
743 273 871 370 benefic.
892 278 968 345 eccl.
992 272 1036 347 83
1113 254 1119 275 ι

50 408 265 511 obligentur
305 407 423 482 electo
458 408 616 579 agrisque
649 436 870 488 consensum
895 425 1033 512 petere.

51 510 104 605 (y)
154 506 200 603 5)
235 504 384 579 Electus
420 504 462 578 iti
492 534 550 579 em
588 520 743 606 accepto
775 509 908 585 nuntio
932 512 1034 589 intra
1130 572 1133 581 .

49 600 213 677 mensarii
235 600 481 693 electionem,
507 604 578 679 nisi
603 606 689 704 jure
705 609 863 705 quaesito
881 608 1035 684 excide-

49 726 88 775 re
111 699 218 794 velit,
242 712 436 799 acceptare
462 702 584 793 debet,
613 707 665 795 (z)
691 703 756 802 qui
781 715 822 801 4)
845 730 916 803 per
939 732 1033 783 coii-

21 862 24 871 .
49 822 196 872 tensum
221 798 397 897 equidem
410 797 476 896 jus
501 803 554 876 od
571 826 652 876 rem
676 800 928 894 nanciscitur,
954 830 1033 905 quo

52 897 135 971 nisi*
157 895 333 996 indignus
356 897 437 994 ipse
471 896 532 974 vel
569 925 647 972 nou
681 900 861 974 canonice
895 901 1034 975 electus

53 992 261 1093 probetur,
294 991 440 1093 privari
463 995 620 1108 nequit,
649 1000 701 1088 (a)
725 1023 803 1071 nori
835 998 1034 1097 tametijus

55 1097 89 1166 iii
109 1115 173 1165 re.-
200 1090 300 1164 unde
320 1101 356 1191 5)
385 1090 699 1167 administrationi
722 1094 889 1183 eeclesiae
909 1097 1033 1171 necin

55 1187 317 1287 temporalibus
339 1214 408 1265 nec
430 1186 470 1262 in
489 1190 746 1288 spiritualibus
762 1219 801 1267 se
822 1190 1034 1269 immiscere

41 1286 90 1359 'ln
114 1311 156 1359 re
208 1287 244 1358 lu
266 1295 395 1386 potest.
420 1291 456 1382 *)
479 1289 538 1383 (b)
807 1373 810 1384 Ι

91 1383 119 1471 *)
138 1310 359 1469 ng'bipiuntui
380 1379 612 1450 ultramontani
634 1380 806 1474 Episcopi,
831 1380 977 1476 adeoque
998 1397 1032 1452 et
1090 1402 1097 1418 ⁸

132 1466 301 1540 Germani.
324 1492 341 1532 a
365 1468 523 1536 Pontifice
546 1468 778 1552 confirmandi,
812 1472 924 1559 quiin
948 1492 1032 1536 coit·-

129 1554 240 1617 cordi'o
258 1553 350 1619 electi
370 1576 446 1619 mox
468 1574 709 1644 consequuntur
719 1556 1032 1623 administrationem

130 1653 200 1702 tam
218 1638 258 1713 ,in
276 1637 509 1726 spiritualibus,
535 1658 616 1724 tuin,
639 1661 771 1728 excepta
792 1662 901 1707 reram
913 1636 1032 1713 aliena·

130 1724 236 1805 tione,
259 1731 309 1809 (c)
332 1727 430 1790 etiam
452 1726 485 1790 iii
509 1726 761 1813 temporalibus,
784 1748 860 1792 iiam
882 1726 913 1789 vi
936 1726 1030 1791 Coit·

131 1808 263 1874 cordati*
282 1806 435 1876 Calixtini
457 1817 507 1896 (§.
539 1817 613 1900 170)
632 1811 750 1879 electus
772 1810 950 1898 Episcopus
972 1833 1032 1898 po·

129 1909 189 1961 test
208 1893 319 1961 rtatim
340 1895 563 1963 investituram
583 1898 739 1965 aCaesare
753 1899 906 1985 recipere,
929 1916 1031 1983 quam

129 1978 352 2047 investituram
370 2003 453 2068 saepe
474 1982 569 2048 luisse
590 2002 664 2049 ante
685 1980 964 2050 confirmationem
978 1981 1032 2046 da·

132 2080 197 2131 tam
219 2065 366 2154 exempla
388 2069 439 2153 (d)
460 2066 587 2133 docent.
631 2066 718 2134 Dein
740 2067 877 2134 hodiea
907 2064 1030 2151 Legato

129 2172 264 2217 cesaree
294 2152 403 2217 statim
435 2149 624 2240 temporalia
656 2154 830 2219 traduntur
858 2148 1029 2239 Episcopis

132 2233 264 2319 electis,
297 2237 369 2327 qni*
383 2238 456 2322 jura
489 2261 621 2327 quoque
642 2240 797 2305 territorii
819 2254 851 2305 et
872 2234 1031 2323 regalium

128 2339 202 2387 aute
224 2322 448 2389 investituram
468 2346 637 2391 caesaream
658 2342 818 2391 exercent.
841 2327 893 2408 (e)
914 2324 1034 2389 Admi-

109 2402 311 2473 'nistrationi
342 2410 377 2472 iu
408 2406 629 2492 spiritualibus
661 2410 812 2500 equidem
840 2407 1029 2475 constitutio

127 2492 289 2558 recentior
309 2493 353 2579 (t)
376 2494 504 2559 videtur
525 2494 671 2562 obstare·
694 2512 727 2562 st
749 2500 836 2561 enim
857 2495 1030 2576 baocgene·

126 2575 201 2644 ralis
224 2574 333 2666 regulo
355 2575 446 2649 illam
466 2582 695 2667 particularem
715 2602 776 2669 pro
789 2578 916 2645 remotis
928 2575 1031 2676 eccle·

413 2690 417 2701 ·
493 2666 564 2731 Fr
930 2685 984 2726 siis

59 2795 424 2826 Μ*

92 2880 139 2965 (y)
160 2878 197 2944 C.
226 2876 264 2944 1'6
286 2877 327 2945 de
350 2877 442 2947 elect.
463 2881 498 2945 iii
519 2882 550 2947 6.

89 2970 132 3045 (i)
153 2962 191 3029 C.
217 2965 237 3030 6
260 2962 340 3031 ibid.

88 3051 132 3134 (s)
154 3050 192 3115 C.
215 3050 236 3116 5
258 3049 298 3115 de
321 3050 412 3124 elect.
813 3072 822 3089 ⁶

87 3133 193 3220 (h)'C.
218 3157 238 3224 7
260 3151 292 3201 et
315 3163 333 3227 9
357 3137 397 3205 de
422 3130 515 3203 elect.
1037 3144 1050 3198 t

88 3222 134 3306 (c)
158 3220 196 3287 C.
219 3238 263 3303 44
283 3223 355 3288 eod.
376 3222 427 3288 iii.
472 3220 523 3295 Cf.
546 3214 678 3289 Barihel
701 3235 780 3293 toni.
807 3237 835 3291 i.
858 3240 968 3312 opusc.
990 3234 1046 3319 4.Ι
1127 3256 1130 3263 -

11 3350 18 3370 .
127 3328 201 3409 ρας..
222 3308 288 3388 464
308 3328 400 3408 seqq5
502 3394 568 3410 ..
762 3389 771 3409 ο

90 3391 140 3476 (d)
162 3392 244 3457 Vid.·
261 3394 416 3478 Ludewig
438 3386 905 3482 Reliquiaeb‘lariuaenptortim
925 3391 1027 3465 Tom.

129 3478 173 3542 ¹1·
196 3499 268 3564 rta-
288 3496 366 3571 447·
527 3563 534 3579 ,
693 3562 701 3579 ,
742 3563 751 3580 ,

92 3567 136 3641 (a)
157 3561 318 3650 Exempla
341 3562 504 3661 habentui
524 3585 560 3629 iii
579 3560 815 3653 subscriptione
831 3562 1028 3631 Recessuutii

91 3645 229 3818 (libii
254 3650 477 3803 diilltebiiic
499 3733 520 3804 6
541 3750 572 3803 ei
593 3756 623 3809 c.
651 3696 672 3799 i¹
687 3728 760 3802 eod.
783 3731 836 3809 itt.
856 3727 996 3801 Ertiav.
