2340 4094
199 240 280 321 cop.
304 246 335 302 I.
367 234 423 309 De
444 234 594 301 Perennis
616 234 845 303 ecclesiasticis.
965 238 1009 324 37
1093 202 1099 211 -

101 344 226 409 horum
248 366 327 421 vero
348 345 486 428 gravitas
508 343 690 407 officiorum
711 367 774 409 non
788 344 939 427 divisum,
953 345 1010 411 sed

85 431 267 515 ‘integrum
287 429 351 493 s'ibi
372 428 516 515 deposcit
539 427 715 493 hominem.
740 432 776 514 5)
788 432 949 512 Maiestas,
972 454 1009 497 nc

98 516 256 581 sanctine
273 514 334 580 sS.
345 516 580 603 'mysteriorum
595 537 756 578 summam
769 517 881 591 animi,
895 538 1011 602 corpo·

100 602 215 689 risque
246 599 464 684 iutegritatem
479 608 482 617 '
497 600 629 682 exigunt
651 599 725 685 (h):
760 602 797 679 6)
825 602 1010 666 animarum

99 708 193 755 curs.
217 685 379 772 intrepida
400 685 579 749 errantium
597 700 654 748 aut
674 684 931 751 inobedientium
943 709 1011 752 cor·
1093 706 1101 721 ‘
1145 690 1148 701 ’

99 772 209 857 reptio
231 773 280 853 (i)
304 788 336 834 et
355 770 514 859 lraequens
537 784 730 854 aegrotorum
743 770 882 835 visitatio
897 788 1011 858 pesto-

97 880 172 922 rem
195 855 398 941 intrepidum
419 856 599 943 requirunt,
623 877 688 919 non
708 856 792 934 vira,
815 856 1010 921 autumnitati
1096 914 1102 925 ,

98 944 186 1017 suec}
209 943 318 1007 minus
340 942 435 1005 uxori
458 958 490 1005 et
511 937 646 1020 liberis,
668 940 758 1025 quod
779 936 884 1020 solet,
915 944 1012 1007 suxie

99 1028 284 1092 timentem.
307 1031 346 1111 7)
369 1024 464 1090 Unde
485 1026 528 1091 ab
549 1024 756 1091 incunabulis
777 1023 908 1091 ecclesia
928 1047 1011 1090 sem·

98 1128 161 1200 per
182 1109 316 1176 coelibes
338 1110 480 1175 Clericos
511 1108 626 1176 saltem
658 1111 844 1195 exoptavit,
879 1126 912 1174 et
942 1109 1012 1175 sols

100 1198 252 1283 exigente
272 1192 458 1261 necessitate
481 1190 581 1273 alios,
613 1216 753 1283 raroque
773 1194 929 1260 admittit.
974 1198 1012 1278 ll)

100 1281 266 1349 Beneficia
288 1278 395 1367 plura,
417 1276 603 1367 capellanie
624 1295 685 1343 etc.
706 1298 791 1365 saepe
811 1283 866 1345 vix
878 1281 1014 1345 unicum

103 1382 286 1433 sustentant
298 1365 482 1443 Cleriwm,
507 1367 564 1453 qui
587 1381 696 1429 eutem
712 1387 816 1431 uxore
836 1363 1013 1452 liberisque

126 1451 436 1529 revatumslereut?
457 1454 549 1539 queis
569 1473 637 1515 uon
658 1451 756 1534 curis,
776 1447 1013 1522 sollicitudini-

101 1476 256 1626 lneque,
288 1538 357 1601 imo
388 1535 543 1623 peccsndi
572 1532 726 1621 periculis
756 1536 940 1602 domesticae
963 1535 1011 1601 rei

104 1620 250 1708 angustia
271 1618 618 1687 telemxinvolverent?
639 1622 707 1689 Aut
720 1644 801 1722 quos
821 1621 955 1686 demum
975 1620 1012 1685 in

105 1730 181 1774 usus
200 1706 414 1791 ecclesiastica
425 1708 511 1771 bona
522 1708 563 1769 ab
574 1707 718 1771 uxoratis
730 1708 1013 1794 impenderentur?

66 1850 71 1865 ,.
105 1796 250 1879 Agnovit
271 1792 340 1858 ido
364 1792 442 1859 time
455 1788 779 1877 lustinirsnuslmp.⁹
800 1792 859 1893 qui
880 1789 1013 1873 liberos,
1102 1868 1106 1875 ¹

104 1895 279 1967 nepotesve
298 1814 473 1942 holensem
488 1898 561 1943 ,non
574 1892 661 1941 recte
669 1873 746 1961 eligi
757 1876 956 1963 Episcopum
969 1897 1012 1941 ex

106 1988 144 2031 ee
166 1964 294 2029 ratione
312 1964 437 2029 censuit
458 1960 514 2046 (k)
527 1989 535 2024 ε
547 1961 703 2027 *Etenim
724 1960 796 2028 fieri
817 1964 874 2027 vix
895 1976 1014 2049 potest,

103 2081 124 2114 ι
136 2051 260 2151 inquit²
281 2065 318 2115 ut
338 2070 454 2113 vncsns
476 2047 574 2131 hujus
594 2047 792 2128 quotidisuae
809 2046 884 2117 sitae
904 2047 1014 2128 curis,

106 2156 216 2223 aquus
238 2133 336 2200 lrberi
357 2150 468 2199 creent
487 2132 674 2219 parentilius
704 2138 882 2213 maximas,
914 2153 1014 2197 omne

101 2219 278 2305 ‚studium
300 2241 496 2307 omnemque
518 2218 746 2301 cogitationem
765 2220 853 2284 ciros
867 2219 1013 2286 divinam

103 2302 305 2393 »liturgiam
325 2321 358 2370 et
379 2326 428 2370 res
449 2301 678 2369 ecclesiastices
697 2319 879 2374 consumet.
924 2302 1013 2369 Nem

105 2414 216 2461 ocum
237 2391 371 2480 quidam
391 2412 518 2455 summa
540 2390 575 2453 in
589 2388 697 2454 Deum
710 2412 779 2476 spe,
799 2404 834 2455 et
848 2404 885 2454 ut
896 2390 1015 2455 snimae

104 2500 252 2543 :eorum
271 2474 366 2541 selvae
388 2472 479 2556 finnt,
500 2473 542 2541 ad
556 2476 948 2563 tapetissimssaccurrant
962 2494 1015 2538 ec·

105 2560 260 2645 selerias,
282 2562 379 2627 et'eis
400 2580 511 2625 ornnes
531 2581 605 2627 sues
620 2558 787 2639 facultates
801 2559 960 2634 adferam,
981 2570 1017 2621 et

105 2646 344 2736 ‚relinquam
366 2660 403 2710 ut
424 2646 459 2710 in
480 2665 658 2732 pauperes,
691 2663 723 2711 et
742 2666 859 2731 egenos
879 2660 913 2708 et
934 2639 1016 2706 alios

108 2735 211 2835 »pios
231 2746 307 2798 usus
327 2746 571 2810 consumamur,
592 2731 745 2797 indecens
766 2745 813 2795 est
834 2728 1018 2815 Episcopos

107 2842 173 2886 stu
193 2830 293 2893 suum
313 2815 385 2883 illas
405 2817 532 2881 aulerre
553 2812 705 2898 lucrum,
727 2829 784 2880 aut
798 2815 832 2878 iu
847 2814 1015 2900 proprium

107 2902 286 2970 »sobolem
307 2918 341 2969 et
361 2916 512 2985 cognatos
532 2900 731 2989 impendere.
763 2898 906 2984 Oportet
926 2898 1030 2965 euim·

108 2988 339 3077 sEpiscopum
352 2988 488 3051 minime
501 2983 936 3073 impeditumsffectionibus
946 3006 1017 3048 car·
1078 3004 1081 3007 ’

95 3071 263 3159 ,ηπείἱιιω
284 3072 477 3156 liberorum,
498 3073 647 3137 oninium
658 3067 804 3135 fidelium
812 3066 1017 3157 spiritualem

62 3196 67 3207 ·
109 3184 204 3228 resse
223 3177 362 3249 petrem.
388 3158 454 3222 Has
474 3158 575 3241 igitur
595 3157 640 3221 ob
662 3177 786 3222 caumas
806 3154 1018 3242 prohibemus

56 3252 59 3317 l
111 3246 318 3313 o‘lsnbcntem
339 3261 454 3326 natos,
474 3259 532 3308 aut
552 3257 696 3330 nepotes,
719 3240 863 3306 ordinari
883 3240 1019 3328 Episoo·

110 3354 259 3419 epum«
282 3330 539 3417 Maeotiaque,
562 3336 599 3419 9)
621 3322 672 3394 uti
691 3348 818 3416 semper
830 3327 906 3409 luit,
928 3323 1017 3390 casti·

56 3454 59 3473 r
173 3434 179 3447 ¹
478 3414 547 3479 C3
584 3468 589 3475 .
894 3432 972 3475 mo·

377 3500 1019 3529 Μ

56 3478 62 3601 l
77 3532 124 3621 (h)
144 3536 335 3624 Hieronym.
355 3533 400 3689 pl
420 3533 530 3598 Jovin.
553 3554 584 3603 c.
605 3530 671 3621 '19a

77 3620 117 3701 (i)
135 3621 162 3687 Ι.
185 3618 338 3695 Timoth.
390 3666 402 3693 .
426 3639 478 3683 so.
503 3614 859 3693 lt.Tim0th,1v.s.

79 3706 125 3794 tu
144 3704 186 3787 u
208 3722 265 3804 4²2
285 3704 368 3777 coe.
390 3704 432 3776 u
453 3702 561 3794 spes.
575 3717 615 3811 ¹e
635 3698 719 3779 un.
