2340 4094
10 39 93 149 l...
140 173 146 189 .,

53 224 136 357 cup.
151 274 202 337 11.
224 264 281 334 Dr
295 270 445 336 elericor.
458 268 690 335 sustentatione
699 284 731 336 et
751 267 878 361 benefic.
893 272 969 339 recl.
983 292 1042 337 m

50 406 101 481 du
116 428 161 480 eo
177 404 233 478 liti
259 404 354 479 aulis
362 432 375 490 3
400 405 461 503 (p)
475 404 579 505 quod
595 428 665 479 nec
682 410 723 501 4)
742 408 956 479 Patronota
966 406 1049 480 sal-

50 514 129 577 tem
157 432 413 577 coniitionate
430 501 549 577 autin
571 501 741 577 favorem
762 502 843 575 sine
863 528 1048 581 consensu

51 599 233 690 Patroni,
259 626 329 673 nec
347 612 387 699 5)
403 601 573 675 Electivu
594 612 659 674 aut
670 604 777 676 unito
788 602 956 676 ecclesius
967 604 1048 679 sine

54 723 239 772 consensu
251 698 416 796 Capituli
428 708 465 773 et
476 698 643 771 ecclesius
653 726 667 785 3
683 723 752 773 nec
765 700 801 783 6)
816 724 872 789 ee,
886 700 934 772 sd
947 726 1050 798 quo-

53 821 141 869 rum
159 795 309 870 titulum
334 797 418 895 quis
444 797 730 887 coordinatus,
756 796 827 869 uisi
853 794 950 869 fucta
975 825 1049 870 ex-

54 916 185 990 pressa
207 893 322 991 hujus
345 897 443 969 tituli
468 896 658 967 mentione
670 921 682 979 3
717 897 775 991 (q)
801 920 870 967 nec
895 892 1048 971 deinum

54 990 240 1087 resignari
264 1004 404 1089 queunt
428 1006 469 1091 7)
495 992 679 1065 beneficia
704 991 753 1064 ab
781 991 848 1081 iis,
875 993 941 1161 {ui
969 990 1048 1091 jam

55 1086 96 1158 in
121 1086 237 1171 sacris
262 1090 460 1164 ordinibus
473 1091 586 1189 positi
598 1100 705 1180 sunt,
732 1089 860 1163 etalio
908 1105 1051 1165 onestro

55 1184 332 1259 sustentationis
349 1191 537 1262 remedio
573 1186 848 1272 destituuntur3
872 1214 919 1259 ne
944 1188 1050 1261 scili-

56 1292 116 1355 eet
140 1306 227 1355 curn
252 1294 370 1358 status
400 1285 584 1359 clericalis
608 1284 794 1379 dedecore
818 1310 879 1361 res
902 1285 976 1359 illis
1000 1286 1051 1361 ud

56 1380 259 1455 manticam
284 1382 423 1456 redeat.

98 1477 132 1556 *)
157 1484 277 1542 Caussa
298 1480 485 1568 resignandi
503 1480 681 1563 generatim
702 1494 748 1542 est
769 1476 892 1545 utiliter
912 1477 964 1543 vel
986 1502 1051 1544 uo-

140 1565 268 1627 cessitas
289 1560 449 1644 ecclesiae3
471 1563 623 1651 speciales
637 1563 871 1651 Episcopatum
890 1566 1051 1650 resignan-

146 1644 181 1709 di
211 1647 328 1713 cnussae
358 1650 392 1713 in
424 1654 496 1734 jure
520 1653 573 1799 Sc)
605 1668 813 1714 recensentur
844 1658 879 1731 e)
900 1650 1050 1715 debilitas

141 1753 256 1817 magne
279 1736 435 1820 eorporis,
458 1736 499 1814 h)
543 1734 662 1799 eiectus
680 1735 846 1817 scientior,
869 1738 902 1820 c)
923 1738 1049 1801 crimen

142 1841 250 1901 grave,
269 1818 310 1903 d)
330 1820 554 1907 irregularitas
570 1842 634 1883 nou
644 1817 737 1884 lucile
752 1820 929 1908 dispensari
942 1821 1048 1905 solite,

142 1907 177 1986 u)
198 1904 396 1969 obstinatum
417 1907 520 1991 gregis
541 1905 666 1983 odium,
689 1904 719 1989 l)
739 1903 1049 1991 gravesoeutlulum,

143 1989 359 2091 et-quidquid
380 1992 476 2058 officii
507 1992 615 2077 episco
639 1990 697 2055 slis
717 1993 942 2055 executionem
965 2016 1051 2078 mag-

143 2095 264 2159 nopere
285 2076 443 2162 impedire
465 2092 569 2165 potest
651 2093 714 2142 tera
729 2074 887 2141 beneficia
908 2100 1050 2143 excrus-

143 2159 186 2223 ris
207 2160 341 2247 quidem
361 2162 468 2227 minus
488 2162 660 2247 gravibus,
683 2176 749 2227 nou
771 2178 878 2227 iumen
899 2184 940 2226 ex
961 2161 1049 2228 leri-

141 2244 223 2328 hus,
254 2262 286 2311 er
308 2249 399 2335 qussi
421 2243 520 2312 nullis
541 2249 694 2333 resigneri
715 2266 851 2335 qucum.
909 2248 1048 2321 Constit.

143 2328 197 2394 Pii
218 2329 258 2409 V.
281 2334 333 2396 58.
360 2343 492 2421 Quanto
512 2334 644 2397 ecclesia
665 2350 751 2411 etc.3
773 2356 846 2419 qnae
858 2346 965 2398 tamen
980 2357 1048 2398 non

110 2452 115 2457 -
190 2414 252 2480 ond
272 2420 381 2481 omnin
404 2421 439 2481 in
463 2416 639 2483 Germania
663 2434 799 2503 receptu.
851 2419 1050 2484 Vicimus:
1124 2436 1128 2445 ’

142 2436 235 2565 Rus.
259 2502 299 2565 tle
319 2517 411 2567 statu
431 2503 681 2592 resignationum
701 2503 732 2566 in
746 2503 900 2590 fauorem
934 2514 965 2591 §.
995 2509 1046 2569 15.

147 2587 300 2652 rhesum.
316 2592 417 2677 ΛΕ.
441 2604 516 2653 tom.
542 2594 562 2653 o'
581 2612 659 2676 pag.
681 2606 756 2677 αφ.

107 2794 239 2913 Quum
272 2700 933 2893 resignatioies⁵neneficiorum111.
959 2819 1048 2873 cum

59 2890 231 2991 legitimo
253 2888 466 2988 Superioris
503 2898 726 2967 auctoritate
766 2892 849 2991 fieri
874 2896 1048 2986 debeant,

60 2989 263 3089 colligitur,
293 3010 331 3084 1)
356 2994 463 3089 quod
485 3016 541 3064 ece
560 3001 694 3088 negato
712 2989 925 3088 Superioris
950 3016 1049 3090 con·

60 3112 169 3181 sensu
185 3086 361 3163 invalide!
373 3091 471 3173 siut3
497 3094 532 3177 2)
557 3089 662 3186 quc-d
680 3100 765 3159 unte
782 3091 1046 3163 admissionem

32 3200 36 3255 l
61 3182 276 3355 sugeribris
299 3185 500 3285 resignatio
526 3186 693 3283 perlecta
709 3186 867 3274 nonsit,
894 3214 961 3260 nec
979 3188 1051 3257 be-

62 3304 109 3355 ne
136 3280 188 3355 cii
212 3284 450 3359 vocatiouem
474 3285 652 3375 inducat,
678 3296 715 3355 et
737 3285 929 3382 resignans
954 3309 1050 3380 pos-.-

781 3410 785 3423 ·
954 3383 1002 3454 sit

102 3558 160 3639 (p)
182 3552 224 3626 C(
246 3578 276 3620 u.
301 3576 339 3622 ur
358 3552 417 3623 lite
438 3556 589 3643 pendent.
615 3556 650 3621 in
670 3557 702 3622 o'.

105 3645 165 3727 (q)
185 3639 280 3706 Trid.
303 3640 387 3707 Seue.
409 3642 510 3709 XXI.
532 3666 562 3714 c.
587 3664 619 3709 n.

33 3742 41 3953 ἦ
102 3730 151 3811 (r)
172 3726 212 3807 C,
239 3748 278 3792 ro
298 3728 340 3793 do
357 3731 535 3810 renuntiat.
