2340 4094
57 227 225 297 condect.
247 226 278 286 Ι.
304 196 354 287 Db
376 216 530 321 thouis
553 232 585 285 et
607 219 774 310 Beneficiis
791 219 1032 287 ecclesiasticis.

23 360 26 363 “
56 352 218 442 fercula)
255 377 320 425 seu
359 352 555 450 portiones
592 354 767 450 pecuniae
784 410 801 443 ,.
844 351 954 446 vini,
994 352 1056 425 vel

55 451 237 524 frumenti
270 463 338 524 etc.
373 450 475 531 ultra
512 475 675 543 annuam
710 450 959 549 praebendam
984 452 1067 542 iis,¹

56 549 126 649 qui
168 546 300 623 officiis
333 545 474 631 divinis
508 564 712 648 praesentas
738 550 896 639 adsunt,
924 549 1077 622 distri-²

11 704 14 723 .
56 647 125 737 bui
151 648 296 736 solitae,
336 656 372 719 et
407 654 487 719 tum
525 647 573 721 ad
598 648 860 746 negligentiam
888 648 1058 746 punien-

56 745 171 834 dam,
195 756 276 817 tum
307 744 356 815 ad
383 744 593 818 acuendam
614 743 654 817 in
672 745 955 843 frequentandis
992 745 1059 817 di-

56 842 155 918 vinis
188 840 322 915 ciliciis
350 841 633 939 Canonicorum
662 843 886 917 industriam
920 849 959 940 *J
991 842 1054 920 in-

9 1026 11 1031 ,
54 954 204 1032 veum,
231 965 325 1038 quas
356 938 501 1020 idcirco
526 936 638 1014 etiarn
666 940 933 1018 Tridentinurn
957 966 1060 1038 pno-

5 1112 11 1122 ,
53 1039 184 1129 bavit,
211 1051 249 1114 et
271 1036 558 1137 augeri-uoluit.
589 1041 644 1130 th)
682 1039 742 1113 De
774 1041 944 1138 utrisque
973 1039 1091 1112 haec-

54 1137 223 1217 notanda
257 1137 467 1210 axiomata:
503 1140 531 1211 Ι.
572 1141 732 1215 Fructus
753 1142 901 1232 grossi,
926 1135 1060 1210 'annui

53 1261 131 1309 non
146 1235 270 1309 solum
288 1238 411 1326 vere3
436 1237 564 1312 sedet
589 1236 675 1311 ficte
703 1236 967 1332 praesentibus,
992 1259 1059 1306 seu

54 1332 126 1425 iis,
153 1334 219 1432 qui
251 1331 365 1431 justis,
385 1342 421 1406 et
446 1336 617 1432 probatis
644 1332 859 1430 ex‘csussis
887 1333 1060 1405 absentes

48 1445 154 1523 aunt,
181 1431 297 1527 vulgo
339 1430 610 1530 conceduntur.
635 1437 685 1529 (§.
712 1432 781 1528 569
804 1441 872 1505 not
900 1435 954 1518 a.)
1006 1430 1057 1503 ΙΙ.

54 1532 350 1604 Distributiones
367 1530 603 1626 quotidianae
621 1527 817 1603 contraiis
833 1529 971 1620 solum,
992 1530 1061 1626 qui

54 1653 189 1727 reapse
219 1627 358 1701 divinis
390 1624 523 1701 officiis
556 1628 759 1717 intersunt,
789 1627 996 1699 debentur:
1025 1639 1062 1701 et

54 1725 281 1825 regulariter
293 1723 343 1801 ad
359 1749 423 1815 eas
443 1724 643 1799 lucrandas
660 1752 730 1798 nec
755 1726 854 1823 justa
879 1723 1061 1797 absentiae

55 1848 185 1896 caussa
209 1820 359 1910 sufficit,
385 1822 458 1894 nisi
487 1824 581 1918 juris
603 1822 822 1922 dispositio,
849 1833 913 1894 aut
940 1831 1061 1893 statu-

56 1932 137 1992 tum
167 1922 377 2017 legitimum
409 1920 580 1994 ecciesiae
603 1921 706 1994 hunc
732 1921 908 2012 effectum
936 1919 1059 1992 eidem

55 2018 243 2091 tribuerit.
275 2025 335 2111 ”t
385 2017 454 2092 III.
475 2019 548 2092 Jus
571 2019 754 2116 reprobat
780 2044 931 2091 omnem
961 2043 1060 2091 con-

56 2117 293 2189 suetudinem
318 2119 365 2208 (c)
397 2115 680 2190 distributiones
698 2114 939 2215 quotidianas
965 2141 1061 2187 con-

58 2214 253 2287 cedentem
282 2212 387 2301 aliis,
426 2238 540 2311 quam
565 2212 734 2314 iis‚'qui
758 2214 929 2288 vei-actu
955 2211 1061 2286 divi-

58 2309 119 2387 nis
143 2310 275 2385 officiis
306 2311 516 2402 intersunt,
544 2313 602 2388 vel
632 2340 730 2412 quos
762 2312 893 2384 saltem
921 2319 961 2408 a)
998 2310 1061 2382 in-

56 2409 217 2485 firmitas
239 2437 304 2484 seu
323 2399 385 2507 b)¹
398 2437 411 2508 J
419 2424 498 2483 usta
526 2411 739 2508 corporalis
767 2410 976 2505 necessitas.
995 2419 1061 2481 aut

27 2511 97 2604 ⁸0)
128 2508 282 2605 evidens
322 2508 490 2582 ecclesiae
522 2510 664 2583 utilitas
698 2537 720 2583 a
750 2508 889 2586 divinis
928 2505 1062 2581 officiis

10 2605 346 2706 “frequentandis
374 2632 506 2704 reapse
529 2608 702 2706 impedit,
737 2617 773 2680 et
802 2617 965 2681 excusat.
986 2611 1063 2693 sss)

102 2709 134 2795 *J
154 2704 226 2771 Etsi
250 2702 435 2770 Concilium
457 2704 607 2771 Trident.
632 2701 877 2769 distributiones
891 2696 1064 2792 quotidia-

148 2815 206 2857 nas
229 2815 268 2859 ex
292 2790 431 2857 adducta
454 2812 564 2855 caussa
587 2792 757 2876 probarit,
789 2812 848 2875 per
879 2788 943 2855 hoc
974 2805 1064 2851 certe

135 2874 385 2945 'mercenariam
408 2879 635 2954 intentionem,
658 2878 685 2940 si
706 2874 863 2940 Canonici
885 2870 1064 2939 earundem

149 2959 384 3028 lucrandarum
394 2985 502 3027 caussa
513 2962 663 3046 inprimis
675 2961 717 3025 ad
733 2961 841 3029 divina
860 2959 1063 3041 accederent,

146 3050 288 3133 probare
311 3071 370 3112 nec
393 3046 508 3127 voluit,
531 3071 592 3112 nec
617 3050 735 3134 potuit.
782 3046 869 3111 Hinc
900 3045 1065 3110 distribu-

147 3132 250 3200 tiones
274 3136 340 3198 iste
363 3130 414 3198 vel
436 3133 558 3219 absque
579 3132 735 3221 symonia
757 3150 814 3197 aut
832 3130 950 3203 saitem
971 3153 1066 3197 mer-

73 3298 76 3303 !
148 3221 271 3283 senarii
293 3218 427 3285 effectus
464 3215 538 3313 labe
566 3241 631 3304 ¹pro
654 3216 813 3321 primario
835 3216 1066 3306 frequentandi

89 3324 93 3331 ‘
148 3305 253 3371 divini
277 3304 375 3373 officii
406 3305 531 3372 motivo
553 3303 671 3372 haben
692 3305 870 3395 nequeunt.
922 3304 997 3369 Vid.
1032 3305 1067 3366 in

940 3398 1024 3460 fram

63 3640 69 3644 “
100 3634 164 3711 (b)
180 3632 265 3698 Sues.
291 3659 329 3698 nr
357 3659 386 3698 o,
412 3598 486 3695 3et
509 3629 591 3696 Sass.
616 3627 735 3695 XXII.
769 3651 800 3693 c.
825 3626 846 3688 ‘n’
867 3624 907 3693 de
930 3625 1067 3692 reform.

80 3715 140 3788 (ι’)
165 3715 199 3778 (ἆ
223 3720 314 3783 unic.
341 3718 386 3785 de
410 3717 553 3795 Clericis
575 3730 649 3785 non
667 3712 765 3784 resid.
789 3711 827 3781 'tn
848 3713 882 3779 b.
