2340 4094
64 264 67 269 ·
89 174 178 309 Cap.x
185 234 236 293 11.
248 223 304 291 De
317 218 467 299 Clericor.
484 191 714 292 sustentatione
723 237 761 305 ,et
774 224 902 316 benefic.
911 188 997 291 leuel.
1020 220 1084 295 203

172 384 239 451 rem
268 373 449 443 presentem
482 360 623 446 inprimis
661 369 734 424 Vun
765 368 869 448 Espen
897 368 972 426 Jur.
994 362 1084 426 Eccl.

173 446 311 515 unium.
335 456 376 509 P.
403 458 432 512 Ι.
462 446 523 519 rit.
552 444 632 511 711.
656 470 683 508 c.
709 452 739 510 ὃ.

128 532 179 616 **)
202 531 250 595 Ita
272 533 370 595 etiam
392 512 536 615 legitime
558 531 702 596 absentes
725 555 753 595 e.
766 553 797 616 g.
820 531 878 619 qni
903 535 937 615 t)
958 530 1084 597 studio·

170 640 248 682 rum
269 639 379 681 caussa
401 618 433 680 in
457 615 632 682 Academia
654 634 844 697 morantur,
868 617 919 702 (d)
940 617 1020 683 item
1042 624 1082 701 2)

172 704 327 768 Canonici
348 729 369 766 α
390 705 491 768 latere
513 702 674 789 Episcopo
698 704 925 769 inservientes:
954 705 1005 788 (e)
1025 719 1084 767 aut

64 845 76 864 ,Ι
170 787 209 872 3)
233 791 291 877 qui
315 812 374 874 pro
397 789 586 856 instruendo
607 787 773 853 electionis
786 790 915 873 negotio
930 789 969 853 ad
981 810 1083 874 apos-
1126 788 1157 827 ’-

169 874 304 938 tolicam
326 874 434 938 sedem
456 875 599 939 aceedit:
623 874 672 957 (l)
693 876 750 938 etsi
773 875 808 939 in
831 872 1007 939 utilitatem
1021 896 1083 939 ec-

173 958 277 1024 clesiae
300 960 427 1038 absint,
463 961 701 1026 distributiones
734 978 841 1029 tumen
875 960 1083 1047 quotidianos

171 1068 239 1132 uon
260 1043 442 1128 lucrantur,
465 1047 527 1109 nisi
548 1047 633 1110 sorte
654 1049 776 1113 reditus
799 1045 1084 1133 praebeudae'om-

169 1152 224 1195 nes
247 1148 430 1195 constarent
459 1128 535 1195 solis
568 1131 877 1210 distributionibus3
907 1154 975 1229 quo
1004 1153 1083 1213 casu

168 1217 248 1281 duas
283 1206 553 1283 distributionum
582 1234 701 1302 xpartes
743 1234 872 1303 possent
913 1218 1083 1306 consequi.

170 1302 289 1367 Contra
312 1301 359 1367 nil
383 1303 498 1380 obstat,
521 1304 696 1389 quominus
718 1302 742 1365 ii
765 1305 882 1386 etiam,
899 1306 964 1390 ‚qui
986 1306 1084 1368 fruc-

166 1389 254 1453 tibus
276 1391 391 1473 grossis
413 1390 560 1455 noudum
583 1389 744 1472 gaudent,
767 1411 785 1454 o
819 1413 849 1474 g.
874 1387 1083 1455 Domicella-

135 1510 137 1516 ·
166 1497 228 1556 res,
248 1472 496 1549 distributiones
518 1472 745 1563 quotidianas,
770 1474 933 1563 siquidem
963 1474 1083 1540 divinis

166 1560 325 1638 intersint,
348 1562 516 1647 percipere
539 1578 669 1648 queant.
716 1556 877 1642 Ceterum
904 1558 1082 1629 Tridenti-

119 1695 124 1710 s
168 1667 250 1709 num
267 1641 458 1737 'Concilium
481 1648 643 1725 decernit,
671 1651 703 1729 r)
726 1665 780 1728 ut,
804 1648 864 1712 nisi
887 1645 979 1712 aliud
1000 1644 1104 1733 spe-⁴

165 1730 254 1800 cialis
276 1729 417 1795 ecclesiae
440 1731 641 1797 consuetudo
664 1730 766 1814 ferat,
801 1731 983 1798 Canonicus
1015 1733 1081 1797 ad·-

155 1838 282 1889 *uexam
294 1819 508 1883 Canonicatui
523 1840 582 1883 suo
594 1841 707 1885 curam
718 1821 903 1883 animarum
914 1841 1080 1901 exercens,

164 1919 321 1990 tauquam
343 1925 480 1988 praesens
503 1922 593 1985 esset,
617 1928 654 1969 ac
677 1902 795 1969 divinis
811 1906 988 1984 interesset,
1012 1904 1079 1969 ha·-

163 1987 298 2054 bcetur:
335 1993 388 2073 (g)
422 2008 459 2054 ut
493 1994 527 2076 2)
559 1982 824 2055 Poenitentiarids
858 1989 1078 2074 cathedralis,

164 2073 244 2139 dum
280 2075 493 2140 consessiones
526 2077 560 2139 in
597 2073 730 2141 ecclesia
767 2077 899 2158 audiet,
941 2077 1077 2143 interim

161 2181 300 2247 praesens
323 2163 356 2224 in
379 2159 481 2226 choro
502 2155 681 2227 censeatur.
705 2162 760 2247 (h)
771 2165 856 2231 Item
866 2163 1078 2227 distributio-

134 2313 141 2322 κ
161 2267 217 2317 nes
240 2240 410 2310 lucrantur
434 2254 469 2328 o)
485 2247 666 2323 Canonici,
691 2251 749 2335 qui
772 2242 936 2334 Episcopo
959 2251 1095 2334 ponti-'

160 2329 299 2396 ficaliter
321 2332 500 2397 celebranti
522 2335 722 2410 inserviunt3
744 2342 781 2415 4)
804 2334 987 2399 Canonious
1012 2336 1076 2398 de-

186 2435 293 2482 utatue
325 2419 366 2481 ab
400 2418 565 2506 Episcopo
595 2419 637 2483 ad
665 2420 839 2485 audiendas
862 2419 1077 2486 confessiones

159 2438 234 2570 lico
257 2503 512 2570 Poenitentiarii:
549 2511 585 2591 5)
616 2505 762 2573 absentes
784 2508 952 2572 occasione
974 2528 1076 2569 exer·-

161 2591 318 2673 citiorum
338 2589 560 2674 spiritualium
582 2593 841 2679 peragendorum
862 2594 897 2656 iu
919 2590 987 2656 aede
1007 2587 1075 2655 ali!-

159 2698 226 2765 qua
247 2675 461 2760 Regularium
492 2696 583 2742 extra
607 2692 734 2762 tempus
758 2697 864 2741 tamen
887 2677 1074 2764 quadrage·-
1161 2732 1164 2739 ⁴

158 2768 270 2839 sime,
294 2761 452 2827 adventus
475 2780 507 2827 et
528 2765 685 2828 festorum
703 2759 917 2827 solemnium:
942 2765 980 2847 6)
1003 2765 1074 2835 Ca-

156 2849 294 2913 nonious
317 2849 493 2937 Theologus
516 2873 551 2912 ea
574 2848 638 2933 die,
662 2871 726 2935 qua
749 2847 838 2934 legit.
863 2852 906 2935 (i)
927 2847 1074 2915 Domum

158 2941 197 3020 7)
221 2931 416 3017 canonicus,
441 2934 540 3000 modo
563 2935 598 2999 in
621 2934 752 3000 civitate
773 2937 1012 3086 praeseus,hab
1031 2937 1073 2999 iis

357 3048 359 3052 ·
964 3040 1030 3085 oris

84 3106 1081 3163 -ι--ιψ--υυ--αι-Ᾰ-ὗι-α-ὲη,

71 3270 74 3275 .
133 3186 172 3270 d)
186 3185 234 3336 ἓ.
258 3188 300 3250 32
324 3187 363 3251 de
387 3185 558 3252 Praebend.

131 3295 149 3335 e
217 3321 224 3336 .
291 3273 331 3337 de
356 3270 490 3338 Clericis
513 3296 579 3336 non
604 3271 792 3346 residentibs
817 3272 852 3337 in
874 3272 947 3345 6.,

134 3354 161 3442 l)
187 3359 224 3428 C.
248 3297 291 3420 bo
314 3357 354 3424 de
376 3357 546 3423 Electioue
568 3360 601 3421 in
625 3361 653 3423 o‘.

80 3486 82 3491 ·
128 3467 148 3526 g
189 3442 284 3509 Trid.
308 3467 382 3508 sess.
408 3467 457 3506 aa.
481 3445 614 3509 obde
637 3444 695 3509 ref.

88 3526 94 3533 ’
130 3529 170 3612 h)
192 3526 278 3594 Ibid.
304 3529 395 3595 See&
412 3529 547 3607 XXlV,
571 3555 600 3595 c.
624 3534 643 3594 8
667 3531 707 3596 de
729 3529 787 3594 rel.
906 3596 909 3601 ,

132 3616 142 3678 ἰ
181 3615 256 3680 Vid.
282 3615 412 3682 Decret.
439 3614 557 3706 Congu.
585 3614 718 3686 concili
731 3613 835 3695 relat.
856 3640 880 3684 u
894 3615 1086 3684 §eusdem

112 3701 454 3793 ‘Xllfllosutop
756 3688 767 3715 s
888 3716 935 3731 “·
991 3744 993 3748 -
1153 3712 1157 3717 ’
