2340 4094
70 217 151 299 Cap.
176 216 249 276 ΙΙΙ.
272 219 321 277 De
335 207 442 290 Rebus
458 208 537 291 ecel.
549 207 813 315 temporalib.seu
826 207 983 278 conisus.
1006 206 1070 297 597
1107 172 1115 188 ο

68 345 311 422 concedatur.
362 345 457 418 Item
479 342 551 419 VI.
578 346 776 441 Impositio
798 348 1073 423 servitutisvel

22 473 38 517 ι
66 445 237 543 cujusvis
254 447 379 518 oneris
408 440 523 516 realis
540 468 617 540 qua
641 469 670 526 e.
692 473 725 544 g.
748 445 903 518 ccclesia
924 446 1074 544 aliquid

64 543 147 644 pati
169 542 230 617 vel
248 541 463 615 nonfacere
481 543 520 612 in
538 565 627 641 suo,
645 566 719 639 seu
742 570 784 616 re
799 570 863 615 sua
879 559 1073 618 teneretur

65 643 117 715 ad
140 641 293 716 alterius
306 640 526 714 utilitatem:
553 648 666 753 atque
679 639 773 713 adeo
787 644 875 716 Vll.
906 644 1072 717 Conces-

64 745 126 814 sio·
140 734 393 849 ususfructus
418 762 494 836 qua
514 763 575 810 res
589 736 786 813 lructisera
809 741 915 812 alteri
937 739 1073 813 utifrui

64 837 170 912 salva
184 861 266 933 ejus
285 834 492 909 substantia
505 834 727 910 conceditur
740 836 847 910 finito
873 836 1071 914 usufructu

59 936 104 1010 in
125 933 250 1035 specie
270 934 509 1009 restituenda.
559 932 669 1008 Vlll.
684 939 879 1010 Concessio
898 943 1072 1031 precari-

48 1058 196 1123 ι(ινιιιη,
222 1058 289 1106 seu
313 1031 504 1105 concessio
518 1057 605 1103 usus
617 1035 672 1105 rei
694 1032 899 1106 iuunobilis
922 1034 970 1105 ad
987 1061 1072 1133 pre-

59 1157 124 1204 ces
149 1128 220 1204 sub
259 1132 369 1206 cerlis
406 1129 689 1202 conditionibus
723 1130 843 1204 facta:
885 1135 945 1227 (a)
982 1159 1072 1229 quse

58 1230 169 1305 varie
195 1256 218 1302 a
243 1229 420 1328 precario
446 1228 633 1304 differunt.
658 1235 738 1324 m)
765 1231 860 1303 Item
880 1231 950 1303 lX.
978 1237 1073 1305 Con-

59 1330 207 1401 stitutio
232 1332 398 1426 pignoris
424 1337 488 1398 aut
501 1324 724 1424 hypothecae
737 1322 867 1400 saltem
886 1330 1071 1423 specialis.

59 1426 351 1517 *¹''),de1uum
376 1424 427 1498 X.
467 1426 709 1516 Troesmin,
753 1424 929 1499 discessio
955 1453 977 1498 a
1003 1427 1072 1502 lite

58 1521 181 1594 dubia
204 1551 283 1597 non
309 1520 487 1624 gratuito,
514 1523 581 1595 sed
606 1523 736 1622 aliquo
763 1524 864 1616 dato,
890 1532 956 1599 aut
972 1551 1071 1624 pro-

58 1619 194 1712 misso,
219 1623 349 1720 aliquo
376 1632 522 1695 retento
547 1620 655 1693 facta.

25 1726 30 1737 '
106 1717 138 1804 *)
158 1718 216 1784 Jus
242 1720 438 1784 canonicum
464 1724 498 1800 1)
520 1720 682 1804 mancipia
705 1715 931 1801 ecclesiastiea,
949 1720 1016 1785 ,nisi
1026 1719 1072 1787 ad

148 1801 332 1891 libertatern
355 1820 668 1867 commutarevetat
692 1804 763 1887 (b),
780 1800 816 1887 ι’)
839 1805 890 1869 De
904 1821 1074 1892 permotae

149 1891 292 1955 tionibus
315 1887 551 1954 beneficiorum
570 1893 641 1972 ,jam
662 1890 798 1956 antehac
814 1892 863 1977 (8.
888 1895 979 1978 522.)
1001 1891 1072 1955 dic·

150 1992 232 2050 tum,
258 1977 295 2061 5)
318 1974 368 2040 De
390 1977 488 2040 vetita
508 1976 746 2062 permutatione
768 1984 880 2040 ret-uin
901 2000 1070 2044 sacrarum

150 2084 225 2127 cum
247 2062 385 2150 prosauy
402 2061 545 2148 posthaec
567 2061 629 2124 erit
652 2062 792 2151 dicendi¹
807 2059 908 2129 locus.
991 2136 994 2141 ,

96 2150 153 2237 l**)
175 2150 219 2214 At
241 2171 290 2212 res
312 2149 353 2211 ab
375 2150 512 2235 antiquo
534 2149 567 2210 iu
591 2146 738 2233 lendum,
760 2165 816 2214 aut
838 2148 1071 2238 emphyteusin

147 2234 230 2299 tradi
252 2231 374 2311 solitae,
397 2234 458 2297 nisi
479 2232 633 2320 specialia
647 2249 765 2299 statuta
780 2234 920 2312 obstent,
943 2235 1070 2322 absquo

147 2318 394 2384 solennitatibus
416 2321 525 2384 denuo
548 2320 582 2384 in
605 2318 761 2399 feudum,
784 2338 841 2384 aut
863 2320 1069 2405 emphyteu-

146 2407 208 2484 sin,
232 2406 330 2470 modo
353 2404 539 2469 conditione
562 2420 628 2467 non¹
650 2405 805 2469 deteriori
827 2405 861 2469 id
883 2402 957 2483 liat,
980 2427 1067 2471 con-

148 2492 219 2557 cedi
242 2508 367 2580 queunt
389 2492 451 2577 (c):
465 2492 580 2572 ‘inuno
601 2493 636 2552 in
658 2489 794 2554 Bavaria
817 2490 1068 2554 intrascmestro

147 2576 266 2642 debent
288 2578 390 2661 (d)..
430 2576 605 2641 Ceterume
615 2573 820 2661 emphyteusi
852 2573 1067 2640 ecclesiastica

57 2718 60 2723 .
149 2663 270 2728 excidit
292 2661 515 2749 emphyteuta,
538 2663 595 2749 qui
612 2683 671 2749 per
684 2659 856 2725 biennium
867 2660 1066 2726 solutionem

146 2751 279 2812 canonis
300 2745 503 2831 neglexerim
535 2770 571 2812 ea
595 2763 726 2826 tamen,
757 2745 937 2811 dummodo
966 2741 1067 2810 celeri

145 2830 516 2918 satisfactioneculpam
544 2833 753 2919 purgaverit,
791 2854 859 2898 non
888 2828 1065 2919 expellitur
1157 2866 1163 2883 ι

140 2945 175 2983 -c.
199 2921 291 2983 ultim
312 2920 351 2982 de
373 2923 470 2983 locat.

739 3030 745 3039 .
852 3002 917 3089 m)
938 3001 1023 3085 Um,

100 3276 151 3360 (a)
173 3273 308 3342 Extrau.
324 3295 444 3336 comm.
456 3272 543 3336 unic.
557 3268 597 3334 de
610 3267 682 3340 teb‘
692 3264 804 3335 eccles.
817 3289 883 3331 non
898 3261 1061 3332 alienand.

146 3360 212 3424 vid.
230 3382 266 3422 c.
290 3379 322 3429 ι,
340 3373 379 3422 et
393 3356 530 3443 =seq.-de
542 3354 713 3426 Preeariis.
738 3351 788 3421 cf.
802 3350 1061 3421 Schrodtlnstit.
1145 3392 1148 3397 -

145 3444 179 3509 J.
202 3443 281 3514 eccl.
306 3443 344 3507 P.
369 3442 402 3518 5.
426 3444 476 3513 tit.
504 3441 554 3506 15.
666 3446 704 3471 ⁸
1057 3443 1060 3447 '

95 3530 160 3612 ¹(b)
182 3529 219 3596 C.
242 3529 274 3597 ὅ.
298 3529 338 3593 de
360 3550 471 3594 rerum
483 3543 631 3615 permut.

102 3618 152 3702 (c)
174 3613 213 3687 C.
236 3637 288 3687 20.
312 3613 353 3680 de
373 3611 490 3680 leudis.
530 3674 533 3682 .
692 3648 695 3653 ’

99 3701 157 3789 (d)
180 3700 383 3788 Pragmaticis
403 3702 444 3771 A.
469 3702 566 3790 1764.
590 3723 623 3767 ιι.
651 3714 704 3782 14.
