2340 4094
80 238 143 286 ess
164 227 246 285 Sect.
273 227 301 285 t.
325 217 381 284 De
404 220 552 309 Personis
573 233 608 287 et
621 223 793 313 ⁴Beneficiis
815 223 1048 299 ecclesiasticis.

79 363 128 438 sit
152 357 335 457 poenitere
347 385 359 444 3
385 362 428 455 3)
456 359 562 457 quod
582 357 766 435 iaciendae
782 363 855 437 sint
871 365 910 437 in
936 392 1073 440 manus

79 456 316 557 Superioris,
342 456 390 529 ad
408 482 520 555 quem
539 456 777 550 conferendi,
804 462 1072 557 confirmandi,

78 556 345 641 instituendive
370 564 512 653 spectat
535 567 723 655 potestas;
748 559 937 672 proinque
962 567 1004 655 4)
1024 564 1074 635 de

77 659 174 756 jure·
191 649 376 727 tiodierno
401 654 498 726 sicut
523 654 849 746 confirmationes,
880 671 931 730 ita
956 669 991 731 et
1017 687 1075 733 re-

78 751 329 841 nuntiationes
354 754 639 851 Episcoporum.
673 763 708 825 et
724 754 973 827 Praeletorum
991 758 1075 830 sedi

78 875 250 928 romense
289 851 465 946 proxime
505 850 765 943 subjectorum
801 851 972 925 Pontifici
997 855 1076 928 sint

77 959 283 1029 reservatae
294 974 306 1032 3
333 948 435 1044 quod
453 948 496 1049 5)
515 945 781 1045 resignationes
800 949 1074 1027 beneficiorum

78 1036 305 1122 interiorum
340 1059 376 1120 et
411 1046 660 1127 mediatorum
695 1071 824 1118 ornnes
851 1048 933 1140 jure
959 1049 1076 1121 ordi-

78 1144 188 1221 nario
213 1145 261 1219 ab
287 1143 509 1241 Episcopis',
536 1142 621 1238 jure
645 1142 799 1239 speciaii
817 1145 865 1215 ab
882 1143 1076 1220 aliisPrae-

77 1242 176 1334 latis,
202 1241 262 1319 vei
288 1240 464 1339 Collegiis
480 1239 735 1315 ecclesiasticis
752 1242 898 1315 admitti
915 1242 1076 1337 possint;

79 1340 246 1438 eirocptis
269 1340 390 1413 solum
419 1337 491 1428 iis,
530 1360 617 1437 quse
640 1339 834 1435 speciatim
860 1337 1074 1438 prohiben-

76 1456 162 1530 tur,
188 1452 254 1511 eut
277 1432 452 1515 Poittifici
476 1449 727 1510 reservantur.
744 1440 781 1531 ⁴¹)

121 1561 155 1643 *)
178 1559 285 1635 Porro
309 1558 591 1644 demigrationes
613 1573 684 1622 tum
704 1557 887 1629 absolutes.
910 1536 981 1623 tuin
996 1582 1075 1660 per·

164 1644 353 1711 mutationis
374 1666 481 1709 caune
503 1643 600 1707 fecte·
620 1649 654 1722 e)
674 1642 849 1730 Episcopi,
870 1642 911 1726 t»)
933 1649 1074 1733 Capitu-

163 1729 235 1796 lum
262 1727 338 1795 sede
367 1744 520 1805 recente,
550 1731 585 1807 c)
618 1727 747 1795 Praelati
781 1730 963 1814 plenissime
996 1754 1074 1796 cum

147 1815 256 1883 sciero
277 1830 315 1881 et'
332 1811 456 1902 populo
476 1813 609 1895 exemti,
632 1830 665 1897 et
684 1813 740 1878 atii
763 1815 802 1898 d)
824 1816 992 1899 speciatim
1005 1817 1073 1904 pri·

165 1900 307 1985 vilegiati
329 1900 500 1965 admittere
522 1915 654 1985 possunt
674 1903 715 1984 (ς.
741 1902 819 1985 522)
840 1906 885 1966 As
898 1907 933 1984 2)
947 1899 1071 1966 Concii.

167 1986 413 2059 Tridentinum,
436 2004 477 2047 tte
499 2007 652 2067 accessus,
674 2002 731 2049 eut
742 2009 902 2074 regressus
915 1985 956 2051 ad
971 1987 1073 2074 quod·

166 2093 298 2158 cunque
318 2069 519 2135 beneficium
536 2073 634 2135 etism
665 2092 742 2135 cum
773 2094 926 2136 consensu
950 2094 1072 2136 conce-

67 2194 70 2199 -
166 2158 274 2237 detur,
296 2153 478 2239 prohibuit,
501 2159 547 2239 ts)
559 2178 623 2244 qus
638 2153 706 2257 lege
719 2155 830 2220 itidem
845 2158 1073 2242 resignationem

165 2244 200 2307 io
211 2244 368 2342 favorem
392 2241 485 2305 tacite
508 2244 642 2322 vetites,
672 2241 813 2329 indeque
833 2240 986 2306 effectum
1007 2266 1074 2308 esse

165 2328 301 2416 qnidam
322 2326 510 2406 credidere,
541 2342 579 2391 nt
611 2326 838 2410 resignationes
870 2328 904 2390 in
926 2325 1073 2392 favorem

164 2416 428 2499 jem·onthuam
452 2410 529 2475 Pius
552 2410 592 2475 V.
614 2414 660 2497 (t)
689 2435 740 2474 ess
770 2434 880 2475 coram
903 2410 1073 2498 Episcopis

49 2543 52 2547 ,
164 2496 237 2565 fieri
259 2513 416 2577 vetuerat,
437 2520 495 2586 per
519 2506 614 2561 rreum
634 2498 741 2584 ipsum
756 2496 908 2563 Pontifici
932 2508 1071 2562 reserva·

72 2652 76 2657 ,
164 2582 206 2648 rae'
226 2583 436 2649 haberentur.
482 2581 635 2646 Ceterum
669 2581 707 2665 3)
729 2583 951 2649 reservationis
972 2580 1074 2666 hujus

166 2692 295 2736 caussas
318 2670 398 2732 varii
420 2668 522 2733 varias
543 2667 730 2752 adsignent,
760 2690 787 2730 e.
811 2690 843 2751 g.
866 2669 899 2752 e)
921 2666 1010 2754 quod
1033 2668 1074 2732 de

164 2758 322 2840 gravitate
343 2776 459 2818 caussae
480 2753 624 2836 judicare
646 2753 762 2817 debeat
783 2751 898 2837 Papa,
919 2754 960 2833 b)
982 2753 1073 2841 quod

164 2841 318 2930 symonia
341 2840 489 2927 quedam
510 2839 643 2924 species,
665 2840 698 2923 c)
717 2838 899 2921 designatio
914 2858 1074 2902 successo-

148 2950 151 2957 ·
168 2929 234 3007 ris,
258 2939 314 2989 rut
335 2925 434 3013 qussi
450 2923 650 2989 hereditaria
672 2924 830 2988 successio
850 2921 991 3005 graviter
1012 2945 1076 3007 per

164 3034 198 3077 sc
220 3009 397 3098 prohibita,
421 3010 460 3093 d)
483 3007 571 3073 laesto
592 3007 763 3072 ordinarie
780 3009 946 3092 potestatis·
963 3008 999 3069 in
1021 3032 1075 3072 re·

163 3096 398 3182 signationibus
422 3099 471 3159 tris
493 3110 683 3158 occurrent:
707 3093 853 3181 quode)
875 3089 946 3157 baec
967 3098 1075 3176 resig-

165 3186 255 3249 natio
277 3183 311 3261 in
333 3181 478 3246 levorem
500 3177 556 3244 seat
577 3194 689 3244 contre
708 3196 863 3243 naturam
877 3198 964 3243 vern
979 3181 1074 3263 resig·

166 3265 328 3346 nationis,
352 3279 390 3330 ut
410 3286 484 3354 quae
504 3286 562 3351 per
583 3279 694 3329 sctum
714 3259 897 3348 legitimum
908 3280 952 3412 let
961 3262 1075 3328 rebec-

354 3391 362 3399 -
922 3363 1031 3431 utum,

80 3510 781 3538 W

123 3611 173 3694 (s)
193 3607 343 3676 Trident.
367 3608 449 3673 Sese.
474 3608 588 3674 XXV.
612 3612 641 3672 c.
664 3631 696 3690 7.

104 3702 154 3770 (t)
177 3694 320 3761 Constit.
349 3704 483 3783 pusato
506 3692 724 3761 ecclesiaste.
748 3692 802 3791 de
816 3692 910 3795 1568.
