2340 4094
209 300 211 304 .
838 268 848 281 ·
991 242 1059 301 xm

271 366 694 437 ART'ICULUS
740 368 866 481 m
965 307 970 323 ·

56 514 104 573 Do
126 506 248 571 Judice
263 532 449 571 caussarum
461 507 758 579 matrimonialium,
782 507 820 569 dr
843 505 1058 572 Accusatione

174 594 397 675 Matrimonii,
422 593 574 685 Ditiortr'o¹
590 606 622 656 et
643 592 787 656 secundis
810 592 948 679 Nuptiis.

120 751 156 827 S.
181 751 263 829 655)
287 751 381 817 Circa
403 752 649 817 matrimonium
662 766 717 815 aut
732 750 985 819 contrahcudum
1003 768 1060 815 sut
1137 777 1141 793 ·

56 852 267 906 contractum
289 836 400 903 multae
423 839 502 917 oripi
525 835 629 902 solent
664 835 735 901 lites
759 855 790 903 et
813 860 950 913 raussae3
987 859 1062 923 quat

55 923 139 1000 656)
162 942 280 987 caussa
301 919 555 989 matrimoniales
580 923 686 1010 quoad
710 922 842 988 allectus
866 923 913 1007 spi
935 924 1062 1005 ituales,

55 1022 88 1071 et
112 1006 282 1087 valorem,
315 1007 549 1087 ecclesiastico,
582 1009 689 1108 quoad
712 1009 842 1072 ellectus
865 947 996 1089 civiles,
1028 1026 1061 1074 et

54 1092 140 1156 nudi
164 1092 241 1157 facti
265 1097 476 1180 quamunitas,
507 1093 642 1180 polittoo
664 1094 886 1171 subjiciuntur
910 1094 1060 1175 imperio.

56 1177 278 1243 Consentiunt
300 1181 444 1245 Bavariae
466 1181 540 1255 lex,
563 1181 783 1259 cousuetudo,
808 1196 840 1243 et
855 1179 1064 1259 concordatae
1122 1182 1124 1191 '

56 1280 166 1341 cetera
190 1261 340 1330 locorum
363 1264 559 1365 couspleuda
582 1266 790 1330 consuetudo.
816 1267 897 1349 657)
924 1262 959 1329 ln
974 1289 1069 1332 caut*

56 1349 101 1413 sis
122 1350 424 1417 matrimonialibus
444 1351 530 1419 solus
552 1349 732 1435 Episcopus
754 1368 801 1416 est
823 1350 933 1431 judex.
980 1354 1061 1435 658.)

56 1433 113 1500 Ad
133 1438 384 1515 matrimonium
406 1438 665 1526 impugnandum
688 1438 848 1502 accusatio
869 1435 982 1517 tendit,
1005 1456 1064 1504 aut

57 1520 279 1597 denuntiatio,
302 1524 344 1589 ad
365 1546 445 1611 quas
467 1546 533 1587 non
556 1524 671 1608 passim
695 1544 806 1587 omnes
829 1521 1062 1591 admittuntur.

56 1607 349 1674 Accusariautem
370 1606 452 1673 solet
475 1610 722 1673 matrimonium
746 1611 886 1672 maxime
916 1611 995 1698 659)
1015 1610 1062 1675 oh

10 1747 17 1777 Ι,
57 1690 255 1773 divortium,
280 1697 361 1779 660)
385 1692 426 1777 ile
448 1716 515 1783 qno
537 1694 677 1758 notanda
701 1694 869 1781 quaedam:
894 1695 972 1781 66ι)
994 1698 1064 1763 Ma·

10 1780 18 1805 ’
56 1777 257 1843 trimonium
279 1780 541 1849 consummatum
563 1778 660 1864 vulgo
682 1778 859 1845 divortium
873 1780 979 1867 quoad
995 1784 1063 1847 vin·

56 1860 178 1929 culum
206 1867 350 1948 respuit,
385 1885 417 1929 et
444 1869 479 1930 iu
511 1865 613 1930 dnbio
644 1885 773 1951 semper
801 1882 861 1950 pto
894 1863 1065 1934 validitate

55 1948 215 2013 standum
238 1965 298 2014 etc.
328 1955 410 2034 662)
434 1949 598 2036 Singulari
620 1967 728 2015 tamen
750 1947 920 2036 privilegio
944 1954 1065 2017 matri·-

42 2036 214 2117 ‘monium
236 2032 419 2102 infidelium
441 2054 703 2102 consummatum
725 2059 783 2121 per
795 2038 941 2101 conversi
953 2036 1064 2103 infide-

55 2116 101 2184 lis
124 2144 225 2185 novas
247 2123 398 2207 nuptias,
422 2138 515 2209 parte
536 2112 634 2187 altera
659 2118 781 2187 infideli
805 2121 992 2195 cohabitare
1014 2147 1064 2188 re·
1135 2132 1141 2154 ¹

56 2224 220 2285 cusante,
251 2204 333 2272 solvi
363 2203 633 2273 verosimilimum
655 2225 720 2286 est;
753 2207 956 2273 matrimonii
987 2230 1064 2285 vcro
1125 2214 1133 2231 ⁸

33 2284 124 2357 ‘rati
147 2287 319 2358 vinculum
342 2317 401 2379 per
423 2294 607 2378 religiosam
627 2293 859 2379 professionem
882 2291 972 2373 tolli,
995 2293 1065 2359 Ca·
1142 2348 1145 2355 ,

59 2376 343 2444 tholicis‘certum
365 2397 432 2444 est:
457 2381 545 2444 idem
567 2381 666 2444 etiam
687 2402 746 2464 per
756 2376 925 2443 Pontificis
940 2380 1067 2466 dispeu-

57 2466 223 2529 sationem
245 2487 335 2550 posse
356 2461 458 2543 solvi,
481 2463 577 2531 multi
600 2481 727 2550 putant.
772 2464 852 2547 663)
874 2462 1067 2531 Divertium

60 2548 175 2637 quoad
197 2550 331 2615 thorum
354 2564 512 2637 perpetuo
534 2552 676 2616 maxime
704 2550 748 2614 db
778 2549 1000 2626 adulterium,
1023 2550 1066 2615 ad

58 2651 193 2722 tempus
216 2638 259 2700 ob
281 2635 358 2700 alias
380 2659 491 2720 graves
506 2660 649 2715 caussas;
673 2638 754 2721 664)
775 2636 833 2701 sed
848 2633 943 2718 vulgo
957 2633 1067 2701 solum

15 2734 18 2739 '
61 2741 125 2822 per
144 2722 345 2801 setrtentiam,
362 2722 517 2808 Episcopi
539 2722 610 2787 fieri
632 2739 757 2807 potest,
788 2720 850 2784 nisi
880 2719 1068 2806 periculum

60 2830 99 2872 tn
121 2830 213 2871 mora
236 2809 351 2881 subsit.
397 2810 477 2890 665)
500 2807 689 2872 Divortium
703 2805 810 2893 quoad
832 2803 1011 2897 vinculum,
1033 2823 1066 2874 et

62 2893 176 2981 quoad
200 2892 334 2958 thorum
356 2893 496 2958 diversos
519 2893 639 2968 habere
662 2890 815 2968 silemus,
849 2893 1067 2981 consideranti

60 2993 174 3067 patet:
198 2979 278 3066 666)
299 2981 469 3044 cessabunt
493 2985 600 3053 tamen
618 2976 747 3042 ellectus
770 2978 980 3042 matrimonio
1002 3001 1067 3042 res·

61 3080 217 3144 tsnrato,
237 3087 311 3153 qua
333 3066 535 3135 matrimonii
557 3063 746 3131 restauratio
769 3079 807 3129 ut
820 3061 888 3146 liat,
908 3087 990 3153 sape
1003 3068 1067 3142 ius·

62 3152 136 3217 titia
160 3150 254 3233 iubet
276 3168 335 3215 aut
357 3148 503 3219 charitas.
525 3148 606 3235 667)
630 3147 745 3215 Soluto
768 3148 876 3238 quoad
897 3148 1067 3215 vinculum

39 3368 44 3375 -
76 3346 113 3388 ns
135 3325 336 3389 canonicum
357 3322 492 3411 impune
514 3319 610 3401 licet;
643 3338 784 3387 attamen
815 3319 937 3384 alicubi
959 3337 1008 3384 uu
1031 3342 1068 3385 tn

90 3411 213 3490 avaria,
237 3408 389 3512 quaedam
399 3430 508 3565 'ifoeda
519 3408 660 3474 secundo
677 3407 876 3478 nubentibus
890 3406 1066 3489 dictantur,

62 3508 119 3566 snt
139 3512 305 3586 negantur
324 3517 397 3586 pru
426 3518 506 3584 egla.

47 3238 170 3479 {rim
191 3237 405 3303 matrimonio
426 3236 468 3301 ad
497 3233 652 3315 secundas
681 3236 811 3320 nuptias
842 3236 978 3300 transire
998 3256 1067 3336 'per

944 3698 1027 3769 CA.
