2340 4094
133 264 199 318 roc
219 254 305 317 Sset.
326 254 357 316 t.
379 244 437 321 De
459 244 621 322 Petronis
635 259 669 316 et
689 204 856 340 Beticficiis
876 250 1136 335 ecclesiasticis.,

175 382 181 407 ·’
216 383 283 449 sius
304 379 458 449 beneficii
476 384 648 451 amissione
668 379 769 451 aliam
790 385 1030 470 caussationem,
1060 411 1135 475 qua

72 550 77 565 Ι
216 468 280 535 sub
301 469 471 540 fructuum
490 466 599 536 solum
624 467 903 537 admittendorum
926 495 1020 559 poena
1044 495 1134 560 prae-

185 620 187 627 ,
215 552 351 641 cipitur.
374 554 460 621 Item
479 556 688 625 residentiam
709 556 810 645 prout
825 557 873 627 ,sd
894 581 1044 627 normam
1059 559 1137 626 Tri-

218 640 368 722 dentini,
398 656 457 707 aut
486 654 685 711 statutorum
705 638 955 731 particularium
975 663 1136 728 servatur,

221 726 455 812 fl'ridentiaam,
478 725 604 808 dicunt,
628 730 920 813 autumantium,
943 731 1136 819 eritquevcl

159 884 162 893 ,
216 814 357 901 simplex
378 811 430 880 vel
463 814 612 905 captiosa
639 837 696 880 seu
728 812 771 881 ad
790 836 958 882 summum
980 818 1136 904 rigorem,

125 926 129 947 ¹
163 958 166 968 .
212 914 250 965 ct
270 898 313 966 ad
332 894 527 987 scrupulum
558 904 655 968 certis
679 900 928 971 ¹conditionibus
957 902 1133 968 adstricta:

188 990 197 1071 j
216 1006 285 1073 qus
301 1006 375 1051 ¹non
396 982 526 1073 expleta
548 986 582 1051 in
594 984 792 1076 quibusdam
804 984 962 1074 Capitulis
977 988 1135 1056 Canonici

99 1072 116 1163 ,'
213 1071 383 1159 juniores,
403 1074 432 1136 si
453 1073 684 1139 Donicsllares
705 1076 780 1144 sint,
803 1095 821 1136 a
843 1075 918 1138 sede
929 1073 1085 1162 Capituli,
1107 1081 1136 1141 si

217 1157 435 1245 Capitulum,
456 1180 475 1222 a
496 1159 569 1243 jure
591 1159 856 1241 dandisnffragii
872 1157 1134 1246 praecluduntur.

211 1242 427 1331 strictissime
435 1240 633 1334 plerumque
640 1246 765 1311 servari
772 1242 867 1328 solet,
883 1246 1008 1312 idcireo
1018 1248 1136 1312 stricta

210 1329 313 1409 dicta,
333 1333 412 1396 anui
433 1331 536 1417 primi
556 1333 779 1419 (claustralem
788 1336 924 1418 vocant)
947 1334 1134 1401 residentia.

214 1414 372 1482 Ceterum
392 1416 522 1502 uspiam
545 1412 623 1483 licet
645 1414 773 1506 alioqui
791 1417 867 1483 sst'is
889 1417 1034 1484 relaxata
1057 1421 1136 1483 resi·

210 1500 313 1589 dandi
334 1498 529 1587 disciplina,
561 1502 770 1571 residentiam
801 1504 999 1570 strietiorem
1019 1504 1136 1570 saltem

47 1596 53 1637 '¹
185 1593 191 1671 i
212 1588 301 1672 exigi
324 1588 420 1653 certis
441 1586 569 1670 diebus,
591 1610 674 1677 quos
695 1586 836 1677 criticos,
861 1588 959 1671 festis,
983 1615 1056 1679 quas
1070 1617 1136 1671 susg

149 1748 151 1753 ¹
209 1673 400 1762 pendentia,
423 1668 513 1738 horis
534 1675 710 1758 canonicis,
732 1698 813 1827 puae
835 1675 1056 1743 residentiales
1078 1702 1135 1744 vo·

210 1768 300 1848 aaut,
321 1780 421 1849 supra
442 1757 569 1849 (Ciu.
593 1782 656 1853 ²¹9
677 1776 711 1827 et
755 1762 816 1847 64)
837 1764 907 1848 jam
929 1761 1089 1830 diximus.

175 1988 438 2087 Residentitn,
472 1998 510 2068 et
543 1898 887 2071 citicii7ilertcslis
919 1991 1131 2069 functioni-

124 2094 198 2177 bus
223 2092 323 2171 varii
347 2093 581 2193 respondent
590 2090 751 2192 fractas
779 2105 816 2166 et
844 2097 976 2193 botta,¹
1008 2094 1132 2169 Porro

123 2195 171 2289 1)
209 2187 414 2292 antiquitas
451 2191 557 2266 nulla
592 2194 668 2267 alia
703 2191 863 2307 agnovit
903 2188 1133 2267 clericorum

112 2290 241 2384 bona,
269 2312 385 2391 quam
410 2295 451 2387 a)
474 2290 774 2386 patrimonium,
808 2288 870 2367 vel
896 2289 1004 2403 quasi
1018 2296 1136 2387 patri·

121 2390 337 2477 monialia,
374 2402 472 2487 quae'
487 2386 737 2484 haereditate,
775 2399 840 2465 aut
865 2385 941 2460 at10
968 2386 1131 2484 profano

74 2563 78 2571 .
120 2487 237 2562 titulo
253 2485 361 2561 nullo
379 2486 430 2561 ad
441 2485 667 2561 clericatum
685 2487 746 2563 vel
772 2490 821 2571 ad
848 2484 1044 2561 ecclesiam
1062 2488 1133 2561 ha-

121 2584 206 2661 bito
232 2591 407 2684 respetttu
431 2583 549 2660 veluti
573 2589 673 2660 cives
688 2585 957 2684 possidebant,
983 2596 1049 2659 aut
1065 2612 1132 2659 ac-

123 2685 350 2783 quirebant:
387 2693 423 2757 et
446 2682 490 2783 b)
515 2684 731 2773 clericalia,
770 2708 859 2784 quae
893 2680 1034 2757 iutuitu
1061 2711 1128 2758 ec-

123 2783 264 2874 clesias,
290 2789 357 2855 aut
379 2778 620 2859 functionum
646 2782 1131 2878 ecclesiasticarum,=quo-

54 2960 57 2977 ,
122 2881 399 2978 modocunque
416 2902 492 2979 qua
506 2879 636 2958 clerici
657 2905 743 2956 rece
773 2892 894 2954 erunt.
922 2886 977 2983 (p)
1003 2879 1131 2953 Hodie

121 2984 167 3077 2)
192 2978 301 3052 Bona
326 2977 571 3069 clericorum,
597 3004 675 3078 qua
698 2906 861 3071 taiium,
888 2974 1066 3051 dividunt
1090 2979 1131 3052 in

120 3076 227 3151 bona
243 3084 284 3173 a)
302 3070 540 3169 beneficialia
554 3077 712 3176 proprie
729 3076 842 3167 dicta,
868 3075 929 3150 vel
953 3071 999 3171 b)
1014 3076 1130 3151 cleri-

123 3174 226 3250 calia
249 3174 290 3249 in
314 3176 470 3273 specie,
505 3198 572 3249 seu
597 3173 866 3268 industrialia,
892 3183 935 3245 ut
959 3186 1129 3265 vocant,

24 3328 35 3339 --
122 3284 243 3385 prout
268 3296 318 3350 cx
342 3273 542 3369 beneficio,
569 3284 635 3349 aut
658 3272 814 3349 aliunde
835 3272 985 3382 ratione
1010 3269 1130 3373 iupo-

931 3380 1083 3447 tronum

135 3562 1133 3613 mmm-¹¹²·-

88 3676 110 3746 “
140 3674 209 3821 (ἐ
224 3673 279 3736 Cr?
291 3646 503 3745 Ποωὶῡ
535 3672 578 3753 dt
598 3698 637 3748 n
656 3667 700 3749 elss
710 3692 790 3749 nos.
812 3668 928 3760 discip.
951 3666 1043 3748 Part.
1067 3663 1129 3737 ΙΙΙ.

136 3754 474 3866 :03a4qp
601 3824 605 3831 .
