2340 4094
53 268 133 353 Cap.
149 254 279 367 nsua
292 226 444 331 Gloricm.
461 240 696 333 'sustentatione
707 278 740 331 et
750 266 879 359 benefic.
893 269 968 339 eccl.
992 288 1055 359 117

50 396 245 473 beneficio
268 392 488 473 instituendi
512 398 573 497 jus
597 410 720 493 tenet,
761 406 795 493 r)
821 400 948 477 locum
973 430 1054 481 uon
1154 464 1160 473 ,

51 494 171 571 habet
196 496 248 569 ad
270 495 454 569 beneficia
487 497 638 595 majora
662 497 835 576 electioni
848 482 1053 589 bbnoxia3

52 606 90 681 a)
114 594 188 677 aed
214 594 263 667 ad
287 592 473 667 beneficia
497 593 669 688 minora,
707 624 827 697 eaque
851 600 1057 699 principa*

45 690 291 768 Jin'eoeleeiao
306 701 545 797 patronatae3
568 721 646 769 non
665 696 713 769 ad
731 695 854 769 otiioia
870 724 900 772 e.
917 725 950 811 g.
968 696 1057 773 aedi-

51 792 120 885 tui,
150 800 354 865 cantorum
379 799 447 863 eto.
497 796 538 889 3)
563 792 807 869 Praesentatio
832 797 1056 869 nominatio-

53 916 174 977 nem,
216 912 283 960 seu
322 886 617 985 designationem
653 884 828 989 perao'nae
868 893 1056 967 beneficio

52 984 313 1087 providendae
335 984 451 1083 vulgo
475 988 644 1083 quidem,
671 1014 749 1069 non
774 988 900 1064 tamen
925 1016 1056 1063 neces-

54 1086 157 1160 sario
175 1108 337 1180 semper
358 1081 539 1159 includit:
573 1086 675 1159 unde
700 1087 748 1161 ab
774 1088 849 1161 alio
874 1086 1058 1163 nomina-

55 1194 133 1257 tum
160 1182 261 1257 aiter
284 1194 515 1279 praesentare
538 1208 813 1282 nonnunquam
839 1192 942 1260 sotet.
1009 1185 1055 1279 4)

52 1276 306 1359 Praesentatio
330 1278 676 1373 moechationem,
702 1308 772 1355 neo
782 1282 1057 1359 institutionem

57 1380 255 1469 eontinet,
294 1402 418 1475 neque
455 1384 494 1476 5)
521 1390 747 1475 praesentato
769 1382 832 1493 jus
857 1380 989 1455 tribuit
1014 1382 1056 1454 in

55 1474 272 1565 beneficio,
297 1472 403 1575 quod
428 1476 581 1551 demum
604 1502 676 1579 per
692 1476 1056 1556 institutionemool·

56 1572 215 1651 lativom
239 1572 438 1671 enascitur.

524 1782 556 1878 S.
584 1802 665 1881 511.

18 1962 21 1969 ¹
100 1976 155 2051 Π.
180 1974 253 2049 Ad
276 1974 562 2053 Proesentontes
587 1972 693 2075 quod
716 1964 880 2067 adtinet,
917 1997 1057 2073 quem-

57 2074 268 2149 admodum
303 2072 363 2173 jus
398 2084 640 2170 patronatus,
677 2071 790 2147 itaet
817 2070 1058 2171 praesentatio
1100 2120 1104 2127 -

58 2176 119 2247 nni
145 2172 375 2271 pluribusve
388 2171 448 2244 vel
465 2169 704 2271 singillatim,
730 2170 791 2246 vel
808 2166 918 2245 simul
933 2195 1059 2281 sump-

59 2269 99 2345 tis
123 2276 349 2367 competere
376 2280 508 2367 potest.
558 2267 640 2341 Fiet
661 2276 786 2341 autem
815 2278 1057 2367 praesentatio

62 2378 94 2465 1)
119 2366 186 2443 vel
211 2366 368 2467 abipso
390 2378 554 2465 patrono
578 2392 649 2464 per
670 2392 733 2457 se,
759 2367 821 2442 vei
841 2375 879 2455 2)
896 2367 977 2463 ejus
995 2390 1065 2437 no·

60 2466 159 2545 miae
196 2490 271 2563 per
302 2464 581 2541 mandatarium
610 2462 765 2563 speciali
789 2465 969 2540 mandato
996 2463 1059 2533 in-

61 2572 271 2647 sunctum
311 2588 381 2677 per
421 2568 586 2637 tutorem
621 2562 681 2637 vel
714 2575 927 2636 curatorem
971 2558 1059 2631 ioco

62 2688 219 2751 eorum,
300 2687 354 2735 ers
376 2660 575 2759 prudentis
596 2659 770 2759 judioioii
799 2658 964 2731 defectus
985 2655 1059 2727 ob·

60 2774 135 2837 utut.
191 2763 230 2859 3)
245 2684 298 2834 (Ei
315 2758 557 2857 praesentatio
584 2757 760 2856 pluribus
790 2757 902 2828 simul
928 2756 1061 2827 sumtis

63 2886 89 2935 e.
102 2888 136 2961 g.
158 2857 325 2957 collegio
352 2855 604 2931 eeclesiastico
625 2864 835 2953 competat,
864 2865 944 2926 tum
969 2851 1062 2926 vul-

62 2982 104 3055 go
132 2982 210 3059 per
243 2966 371 3051 actum
405 2951 678 3051 capitularem,
716 2966 751 3026 et
774 2964 863 3029 vota
890 2950 1087 3029 absoluta·

63 3056 213 3156 majore
238 3066 305 3128 aut
326 3052 480 3125 alternis
504 3050 652 3127 vicibus
673 3074 745 3149 per
769 3074 961 3127 unumex
989 3040 1062 3120 sui·

64 3150 171 3255 iragii
208 3150 273 3252 jus
306 3148 556 3240 habentibus,
598 3176 663 3223 seu
697 3173 768 3245 per
802 3162 978 3235 turnum,
1012 3155 1061 3227 ¹ut

65 3260 227 3340 vocant„
253 3248 473 3348 peragitur3
500 3254 539 3348 4)
568 3246 752 3344 siquiden·
785 3245 913 3342 plures
939 3242 1063 3355 singil-

67 3346 170 3423 iatim
198 3350 315 3422 sumti
338 3344 412 3419 hoo
447 3346 506 3435 ins
542 3355 714 3433 teneant,
750 3356 830 3415 tum
855 3342 926 3417 nisi
956 3339 1063 3413 atiud

8 3490 10 3495 ,
67 3444 275 3543 placuerit,
312 3470 336 3517 a
356 3444 532 3543 quotibet
557 3442 849 3541 praesentabitur
873 3464 1060 3537 persona,

70 3566 196 3645 eaque,
221 3543 287 3619 oui
309 3544 390 3618 sivo
416 3542 609 3632 absolute,
644 3540 724 3613 sive
751 3538 959 3637 respective
988 3564 1064 3606 nin·

73 3637 148 3739 jora
167 3640 351 3743 sutfragia
369 3637 776 3813 saventhinstituenda
805 3639 899 3713 erit:
936 3634 1063 3743 qued-

9 3742 20 3765 '
180 3748 183 3753 ’
571 3764 596 3839 3
673 3806 682 3816 .
981 3754 1019 3809 u
