2340 4094
103 231 166 276 ste
187 214 267 305 Soet.
290 214 321 273 1.
354 210 402 273 De
423 206 574 271 Petronis
595 218 628 273 et
649 208 816 298 Beneficiis
836 208 1071 279 ecclesiasticis.

102 341 158 415 sia
182 348 352 439 poterat..
375 337 471 413 Aut
495 340 768 439 quandonam,
795 340 890 428 ubi,
917 342 1024 438 queis
1049 369 1122 423 ext

53 480 61 497 s
104 438 315 515 rationibus
341 434 469 511 bacin
487 463 530 521 re
546 436 743 535 quidpiam
761 440 947 515 mutavit?
972 441 1100 540 Equi-

106 536 192 610 dem
218 534 374 609 ecclesia
403 534 507 608 bona
543 534 792 608 ecclesiastica
816 537 894 635 jam
919 536 1102 637 Episcopi

106 634 219 707 unius
236 631 396 705 arbitrio
417 632 457 705 in
474 657 621 706 caussas
647 631 729 729 pias
754 633 1008 731 impendenda
1034 665 1102 711 re-

106 732 232 831 liquit,
256 728 334 828 jam
358 731 399 802 in
441 742 566 827 partes
603 742 767 827 quatuor
810 733 930 808 dividi
956 724 1101 828 voluit,

106 831 185 929 jam
211 853 351 900 eorum<
370 852 528 901 massam
554 827 661 925 quasi
687 828 929 926 commistam
949 829 1103 907 clerico·

105 953 192 1001 rum
218 924 392 1000 manibus
417 925 677 1024 consignavit:
706 928 757 1023 (S
783 928 884 1023 4433.)
911 928 951 1020 ¹)
978 954 1102 1029 neque

108 1019 235 1101 tamen
258 1020 399 1098 horum
424 1021 615 1098 bonorum
649 1022 736 1097 ideo
773 1038 947 1121 naturam
974 1047 1104 1115 muta-,-

109 1114 187 1213 vit,
214 1118 281 1195 scd
304 1121 495 1221 negotium
521 1121 586 1193 illa
611 1118 713 1193 bona
725 1118 763 1193 in
782 1132 927 1198 caussas
938 1122 1020 1221 pias
1037 1127 1103 1200 im·

108 1216 301 1315 pendendi
326 1217 434 1316 prius
458 1219 525 1291 uni
556 1216 825 1311 oommissum,
869 1219 941 1293 'am
978 1224 1105 1319 pluri-

109 1318 194 1412 bus,
219 1317 298 1417 jam
324 1328 379 1390 tot
404 1314 579 1404 clericis,
618 1325 712 1429 quot
745 1327 832 1391 sunt
852 1246 1105 1416 beneficiati,

111 1411 347 1489 concredidit
359 1441 373 1498 3
401 1425 438 1487 et
463 1413 645 1488 Canonict
670 1412 808 1511 singuli
832 1415 959 1491 subire
984 1444 1111 1516 coepem

110 1522 200 1586 runt
227 1512 347 1587 vicem
373 1508 490 1610 ipsius
524 1510 692 1584 ecclesiae
723 1510 782 1583 vel
808 1504 956 1625 collegii
982 1522 1107 1589 eccle-

112 1607 265 1701 siastici,
291 1610 420 1707 quod,
441 1611 568 1697 ‚donec
593 1610 633 1684 in
660 1634 862 1683 commune
881 1613 1105 1706 vivebatur,

111 1706 261 1780 residua
286 1705 482 1781 tenebatur
508 1705 589 1805 pie,
631 1717 668 1780 et
702 1706 875 1804 religiose
899 1710 1106 1808 adplicare,

111 1802 175 1899 ”)
202 1801 532 1904 Quemadmodum
559 1830 650 1904 ergo
675 1802 832 1878 ecclesia
858 1803 940 1880 haec
965 1806 1066 1882 bona
1085 1838 1108 1882 a

110 1898 377 1977 fundatoribus
401 1904 472 1976 sub
489 1903 713 1990 conditione,
739 1915 780 1973 ut
798 1902 871 1998 piis
882 1905 1025 1999 ‘caussis
1041 1909 1106 1980 im·

111 2000 390 2101 penderentur,
415 2011 529 2098 atque
552 2002 649 2074 adeo
674 1999 744 2073 sub
774 1999 1003 2099 obligatione
1024 2003 1107 2087 jus-

112 2098 212 2170 tittoe
238 2095 408 2194 accepit,
433 2096 486 2171 ita
514 2097 646 2171 eodem
659 2122 781 2171 <onere
796 2114 952 2195 gravata
969 2101 1018 2173 ad
1033 2102 1106 2173 be-

112 2192 306 2268 neficiatos
346 2192 557 2269 transmisit.
596 2196 680 2291 ¹⁴⁸)
742 2191 910 2269 Clericus
950 2197 1106 2295 itaque,

114 2291 223 2459 queis
243 2289 326 2367 haec
351 2289 451 2365 bone
478 2293 557 2368 sive
582 2292 712 2383 fideles
731 2292 833 2389 ipsi,
858 2318 924 2369 seu
951 2296 1108 2368 ecclesia

128 2412 187 2464 roc
211 2391 279 2465 sub
295 2388 507 2467 conditione
523 2390 691 2481 tradidit,
717 2392 767 2463 ad
791 2389 893 2465 hona
917 2395 1109 2488 superflua

114 2488 154 2556 in
190 2482 271 2583 pias
305 2511 452 2560 caussas
487 2489 736 2585 expendenda
770 2508 827 2562 ex
849 2490 1003 2588 justitio
1029 2515 1109 2563 esse

114 2580 311 2683 obligatos,
334 2583 407 2659 rite
417 2581 623 2661 inserimus.

154 2728 174 2759 ,α
363 2727 371 2742 ·
536 2728 544 2743 ·
680 2729 689 2747 ·
744 2730 751 2745 ·
1002 2731 1009 2746 ·
1062 2731 1070 2747 ·

24 2778 34 2786 ’
196 2723 1110 2895 tlttss‘ttznl‘tilttttttd{dttslts‘etltttltt

201 2834 365 2982 parodldis
386 2896 512 2965 adnexa
531 2916 629 2964 eunt:
654 2907 689 2982 a)
719 2898 836 2988 Neque
868 2916 977 2966 tamen
1009 2896 1108 2985 vulgo

192 2994 258 3049 'sua
280 2982 450 3064 Minium,
472 3006 529 3050 sua
542 2982 701 3057 lubricae,
722 3008 778 3050 sua
800 2985 999 3072 pauperibus
1010 2983 1111 3049 adtri-

201 3066 280 3130 buta
302 3067 408 3134 bont:
429 3067 486 3133 sed
506 3072 616 3134 omnia
639 3072 673 3135 in
696 3069 754 3136 bos
775 3090 851 3136 usus
866 3072 1041 3158 prudenter
1055 3070 1112 3136 ad·

203 3151 413 3219 ministranda
434 3155 710 3244 expendendaque
732 3154 1001 3245 relinquebantur
1012 3155 1098 3221 Paro

105 3256 107 3261 ’
203 3235 283 3299 chit.
301 3228 312 3245 ’
329 3238 368 3322 3)
389 3236 520 3343 Quodsi
542 3263 619 3306 vero
641 3263 752 3329 reapse
772 3240 841 3306 brec
864 3240 948 3339 bona
972 3241 1112 3339 partitus

204 3317 271 3384 sors
292 3341 370 3387 esset
392 3322 595 3413 bpiscopus3
617 3345 751 3414 partem
779 3342 888 3392 tamen
909 3325 1112 3391 cmmodtcom

90 3437 93 3441 ¹
203 3404 663 3554 quisseParochoadsiguatsm
672 3412 823 3497 deinceps
833 3412 1020 3498 adpareretr
1037 3434 1113 3496 pro·

222 3507 293 3559 ecto
312 3490 383 3558 haec
396 3493 540 3579 partitio,
557 3514 672 3583 utpote
686 3496 897 3563 fundatorum
910 3499 1012 3565 menti
1028 3519 1113 3561 con-

207 3576 318 3662 traria,
339 3581 391 3663 jur
410 3574 509 3647 liberi
529 3578 672 3663 demidii·
688 3580 722 3647 iu
738 3580 784 3664 id,
805 3579 1114 3671 quodnuperfluum

568 3717 692 3773 Ι,
860 3682 1066 3758 .ereet,
