2340 4094
116 242 123 253 ¹
195 244 278 320 (fam
301 236 353 302 11.
398 234 453 301 De
474 235 681 326 loeissucris,
702 251 739 303 et
755 198 928 329 religiosis.
977 240 1085 322 ὅθ’

44 375 104 449 ,ad
130 375 302 447 ecclesias
327 373 563 472 parochiales
586 376 822 475 restringitur
834 375 983 475 3tproin
1008 379 1083 452 in·

56 473 274 549 ooerneterio
321 475 489 548 ecclesiae
537 474 766 573 parochialis
815 474 1049 574 sepeliendus

56 572 182 670 quivis
208 583 290 661 est,
328 572 398 645 nisi
422 574 483 648 vel
509 574 714 672 sepulturae
739 572 871 648 electio
898 575 1046 673 obstet,

44 671 117 748 ¹vel
144 671 212 745 IV.
241 670 493 770 privilegium.
863 688 870 715 ²
901 692 904 700 ’
1000 692 1002 697 ’

491 771 606 845 .682.

106 865 346 960 I.‚Humotio
371 865 414 939 fit
441 775 541 962 1)§in
566 869 647 946 loco
673 844 870 968 religioso,
907 869 974 968 qui
1004 871 1047 967 a)

55 964 277 1042 auctoritate
303 963 482 1066 Episcopi
508 968 688 1064 erigitur,
724 969 942 1065 abeoquo,
985 978 1050 1050 aut
1081 972 1089 985 '
1150 1034 1154 1040 .

55 1054 102 1133 eri
128 1062 209 1158 ejus
235 1060 465 1160 delegatione
490 1094 513 1140 a
537 1065 766 1160 Presbytero
791 1056 1068 1155 benedicitur‚'

57 1160 145 1252 ¹1³)
172 1159 414 1258 pollutusque
454 1162 747 1248 reconciliatum
789 1165 836 1257 (S.
862 1167 971 1260 679)
1010 1169 1048 1259 c)

56 1284 125 1330 ceu
150 1259 254 1333 locus
281 1283 370 1331 vere
393 1260 589 1360 religiosus
614 1260 795 1357 Episcopi
818 1261 1050 1357 'jurisdictio-

55 1357 95 1428 ni
122 1367 174 1428 est
191 1356 404 1452 subjectus:
428 1359 471 1432 fit
484 1371 524 1452 2)
542 1361 758 1432 moriscum
770 1359 920 1443 'ritibus
946 1358 1050 1454 psal-

53 1456 150 1545 mis,
178 1453 376 1552 precibus,
402 1454 704 1544 thurificatione,
731 1462 841 1555 aquae
863 1456 1048 1529 benedic-

55 1564 105 1626 tee
129 1553 357 1650 aspersione,
384 1555 508 1629 missae
533 1553 745 1645 oblatione3
773 1560 820 1649 (ς.
846 1557 927 1631 680,
952 1559 1048 1644 not.)

55 1655 116 1749 ”)
142 1651 258 1722 Proin
284 1651 352 1749 qui
376 1678 398 1723 a
415 1653 681 1727 communione
699 1653 865 1728 ecclesiae
882 1664 920 1725 et
933 1651 1050 1727 sacris

53 1751 286 1849 generatim,
327 1747 442 1822 iidem
476 1764 513 1827 et
537 1776 561 1827 a
584 1751 778 1850 sepultura
802 1749 1050 1824 ecclesiastica

55 1846 329 1921 excluduntur:
356 1872 493 1947 nempe
1005 1891 1014 1897 -

98 1950 120 2012 ’ὅ
144 1950 178 2028 1)
202 1944 301 2030 Apud
323 1946 486 2013 Romanos
499 1947 565 2028 jam
577 1946 643 2028 ipsa
657 1944 792 2010 humani
804 1945 965 2012 cadaveris
978 1944 1050 2011 hu·-

115 2087 117 2091 ,
140 2031 241 2098 matio
263 2026 373 2095 locum
386 2031 551 2098 'reddebat
564 2030 755 2120 religiosum.
779 2031 922 2098 Ecclesia
940 2031 1050 2096 chris·
1153 2103 1154 2113 ἵ

139 2119 227 2181 tiana
256 2112 430 2201 sepulturae
452 2116 562 2182 locum
594 2140 660 2183 non
691 2133 757 2183 tam
786 2119 828 2182 ab
859 2119 1050 2185 humatione

140 2224 329 2288 corporum,
352 2226 452 2290 quam
473 2228 491 2267 a
512 2203 738 2269 benedictione
755 2205 938 2291 religiosum
959 2205 1050 2268 resti·-

139 2304 220 2367 mat‚
242 2287 458 2378 precibusque
481 2305 512 2355 et
534 2289 568 2355 S.
593 2291 660 2353 ritu
677 2290 718 2353 ad
739 2293 939 2375 sepulturam
961 2287 1067 2352 tide:
1129 2350 1132 2355 .

141 2371 225 2436 lium
246 2371 404 2453 destinat,
434 2387 609 2462 sacratque.
651 2375 755 2438 Porro
785 2378 820 2460 2)
848 2386 1049 2461 pervetustus

144 2459 278 2545 quidem
299 2460 477 2524 coemeterii
499 2459 709 2524 benedicendi
733 2480 800 2523 mos
823 2476 869 2524 est
890 2463 938 2542 (i)
951 2487 960 2535 3
973 2484 977 2495 =
991 2461 1048 2521 in-

141 2562 265 2608 certum
289 2562 395 2609 tamen
418 2548 487 2630 ejus
510 2547 610 2608 moris
632 2547 770 2637 iqitium.
794 2544 1049 2630 5)Benedictio÷
1134 2596 1136 2600 ,

141 2654 217 2693 nem
240 2632 416 2694 coemeterii
438 2628 519 2695 olim
540 2654 558 2692 a
579 2629 804 2713 benedictione
819 2628 958 2695 ecclesiae
982 2651 1048 2692 non

140 2715 237 2780 fuisse
259 2732 449 2803 separatam,
472 2739 531 2804 per
555 2739 630 2779 uam
653 2717 898 2782 estve'rosimilc.
943 2715 1049 2797 Hodie

128 2872 130 2877 ¹
143 2798 273 2881 speciali
295 2802 360 2864 ritu
382 2819 414 2865 et
429 2739 568 2866 formula
585 2800 726 2866 dedicari
739 2803 921 2866 coemeteria
931 2800 1047 2864 solent.

98 2889 149 2972 **)
161 2888 274 2950 Preces
283 2886 316 2949 in
328 2886 517 2972 sepeliendis
528 2884 674 2965 fidelium
685 2888 875 2971 corporibus
887 2887 1048 2973 hodieque

142 2974 266 3036 usitatae
284 2967 348 3049 tet-e
361 2972 480 3038 eaedem
498 2976 563 3054 jam
583 2970 618 3045 in
635 2973 778 3059 quodam
795 2970 895 3037 seculi
912 2973 958 3041 X.
984 2972 1048 3037 Sa·

145 3059 359 3121 crarnentario
380 3076 566 3123 occurrunt.
601 3057 640 3128 In
662 3081 729 3147 quo
751 3082 853 3145 quum
876 3082 935 3123 uec
957 3058 1048 3124 trinae
1105 3084 1108 3091 ·

142 3143 397 3209 thurificationis
413 3167 472 3209 nec
493 3144 682 3231 aspersionis
714 3167 805 3231 aquae
836 3143 893 3209 fiat
913 3144 1049 3220 mentio,

145 3228 233 3293 hunc
255 3231 356 3292 ritum
378 3226 430 3292 vel
453 3232 638 3307 recentioris
661 3253 725 3294 esse
748 3229 983 3310 institutionis,¹
998 3227 1050 3294 vel

111 3314 231 3385 ahunc
255 3317 355 3377 ritum
378 3312 428 3377 vel
452 3316 638 3386 recentioris
659 3338 723 3379 esse
747 3318 974 3398 institutionis,
998 3313 1050 3380 vel

142 3398 256 3472 saltem
279 3422 316 3465 eo
337 3400 447 3470 seculo
468 3402 615 3468 nondum
636 3402 762 3491 ubique
774 3400 869 3469 fuisse
882 3417 1050 3489 receptum

579 3487 653 3554 Yh
778 3522 784 3535 -·
887 3524 907 3535 ··
971 3487 1006 3555 in

58 3570 302 3630 ..---.“,--·-
501 3609 603 3626 ...-
676 3636 680 3646 Ι
714 3577 718 3600 ¹

96 3659 138 3747 (i)
161 3654 240 3733 Ejus
257 3656 409 3720 meminit
425 3655 459 3720 S‘.
479 3654 659 3740 Gregorius
675 3653 907 3721 Touronentixs
925 3653 971 3711 he
986 3647 1069 3722 eho-

140 3741 188 3812 tia
204 3739 373 3809 consocer.
390 3763 419 3808 c.
440 3745 514 3811 106.
533 3742 616 3813 vio·
627 3764 698 3817 vau
709 3737 997 3830 Poueuhssfflffi
1008 3743 1074 3787 ’ὦ
