2340 4094
58 248 138 330 cap.
159 251 212 314 11.
236 246 287 309 De
304 196 456 317 dierico'r.
468 236 972 331 sustentetioueetbsnfflcaeccl.
999 230 1062 335 199¹

54 375 129 449 bus
144 376 221 450 loci
237 376 432 475 adplicere
446 378 677 451 tenebuntur
694 404 707 463 3
734 374 911 475 deinceps
926 376 1060 451 simo-

54 475 127 549 niti
139 502 178 549 se
190 500 269 549 uon
280 475 493 577 emendent,
508 462 681 549 Pontifici
700 475 991 550 denuntientur:
1019 487 1058 573 e)

54 574 249 664 Paroclri',
273 584 311 648 et
327 574 451 648 curati
471 573 593 647 eidem
611 576 738 671 ptenee
754 597 842 645 cum
860 571 1063 673 Episcopis

55 671 302 769 subjaceant,
330 683 367 745 et
391 698 462 777 per
480 698 561 745 eam
575 696 654 744 non
671 670 858 744 emendati
876 694 947 767 per
963 698 1060 747 cen-

55 771 176 861 suras,
202 770 500 853 subtractionem
524 767 748 858 fructuum,
784 768 937 867 aliaque
963 770 1060 868 juris

10 858 14 925 ἵ
55 866 226 942 remedia
252 868 365 942 etiam
389 894 510 968 usque
533 870 585 945 ed
607 866 864 966 privationem
890 866 939 941 ad
964 872 1062 942 resi-

57 964 226 1039 dendum
261 968 569 1067 compellentur;
610 970 663 1057 (x)
697 972 740 1065 5)
780 968 1060 1043 Canonicorum

57 1065 319 1164 unusquisque
362 1065 491 1164 primo
531 1088 632 1137 anno
682 1064 859 1160 privetur
901 1061 1063 1138 dimidia

56 1173 167 1261 perte
192 1160 214 1234 f
256 1160 399 1254 omnin,
426 1189 523 1261 quos
547 1162 695 1235 ratione
711 1163 823 1247 etiem
838 1161 1064 1259 praebendae

58 1287 105 1333 ec
129 1260 252 1333 reside
279 1263 345 1336 tiee
368 1260 457 1334 iecit
481 1284 591 1335 suos:
616 1258 754 1332 iterato
771 1260 962 1358 negligens
985 1260 1064 1359 pri·

58 1367 172 1432 vetur
197 1362 374 1433 omnibus
398 1356 608 1448 fructibus,
651 1380 748 1456 quos
789 1359 923 1432 eodem
959 1382 1063 1433 auno

58 1455 227 1531 lucratus
252 1467 318 1549 est,
344 1466 535 1533 crescente
558 1480 652 1533 vero
670 1455 909 1533 contumacia
927 1466 1063 1531 contre

58 1580 124 1729 gos
144 1554 258 1654 juxta
281 1554 344 1635 8&
381 1580 571 1631 canonum
607 1552 891 1629 constitutiones
921 1574 1063 1655 proce-

88 1664 185 1728 etur.
209 1656 228 1737 'l
232 1658 279 1754 y)

101 1751 133 1837 *)
154 1750 260 1816 Porro
276 1755 321 1835 J)
353 1748 390 1817 hi
421 1767 534 1818 contra
566 1771 633 1816 nou
652 1748 839 1819 residentes
861 1750 1063 1834 procedendi

146 1836 264 1921 gradus
286 1861 305 1903 a
327 1836 525 1906 Tridentino
540 1834 721 1922 praescripti
733 1836 795 1902 sub
810 1834 970 1900 nullitatis
980 1838 1061 1902 vitio

144 1922 307 2002 servandi,
331 1945 391 1991 uec
413 1938 519 2011 potest
532 1920 574 1986 ud
588 1922 807 2006 privationem
824 1920 976 1988 beneficii
986 1938 1064 1987 ante

116 2044 120 2048 ·
141 2012 361 2097 personalem,
382 2029 440 2075 aut
460 2004 586 2085 saltem,
608 2008 648 2083 ti,
670 2006 729 2070 ubi
750 2024 917 2090 moretur,
940 2006 1065 2073 nescia·

147 2108 214 2177 tnr,
237 2112 312 2159 ante
332 2097 518 2173 edictalemj
526 2090 722 2161 ¹beneficiati
745 2094 935 2159 citationem
946 2116 1062 2180 proce·

145 2179 191 2244 di.
216 2182 252 2266 κ)
273 2181 392 2272 Qutun
413 2205 510 2269 poene
524 2180 686 2244 actionem
697 2178 858 2268 iniquum,
879 2202 937 2244 seu
958 2182 1062 2246 ectio·

145 2267 196 2331 nis
216 2284 386 2352 precepto
407 2265 616 2332 omissionem
647 2270 843 2353 praecessisse
877 2282 1001 2352 ponat,
1034 2267 1067 2333 is·
1137 2272 1142 2280 '

146 2373 236 2436 vero,
261 2359 320 2455 qui
342 2351 495 2438 legitimis
515 2352 673 2439 justisque
694 2372 734 2415 ex
756 2350 873 2417 caussis
895 2374 963 2416 non
983 2353 1062 2419 resi·

146 2437 217 2515 det,
240 2439 355 2529 imque
376 2462 442 2505 non
464 2439 584 2516 iecist3
614 2459 653 2502 eo
675 2438 745 2524 ipso
768 2452 828 2501 uec
873 2458 946 2501 uena
968 2441 1063 2505 smit-

147 2524 322 2591 tsndorum
345 2525 514 2592 fructuum
533 2520 686 2588 mulctari
696 2540 812 2609 potest.
860 2522 1063 2612 tQuoniatrr

148 2626 259 2675 temen
280 2614 330 2696 jus
352 2609 555 2698 percipiendi
576 2609 701 2674 fructus
721 2610 756 2672 in
778 2606 878 2671 officii
900 2608 1064 2674 beneficio

147 2695 266 2761 adnexi
288 2699 493 2783 prestatione
514 2694 683 2776 findatur,
705 2695 799 2778 justis
820 2716 861 2756 ex
876 2694 1063 2758 censuali-

145 2798 261 2862 sentes‚
283 2783 467 2860 utfruetus
484 2783 652 2869 percipere
673 2781 807 2867 possint,
831 2778 963 2843 fictione
976 2780 1065 2862 juris

144 2887 208 2952 pro
228 2870 452 2955 presentibus,
476 2884 508 2934 et
529 2865 675 2931 officium
697 2864 925 2951 praestantibus
948 2886 1062 2954 queu-

151 2952 260 3037 doque
281 2952 395 3019 haberi
416 2950 533 3019 solent.
557 2950 638 3017 Inde
661 2948 868 3015 residentiam
890 2950 925 3015 in
945 2974 1060 3017 ueram

146 3056 179 3103 et
190 3044 312 3128 fictum
333 3044 386 3125 (z)
409 3039 571 3103 dividunt.
603 3044 644 3121 4)
662 3033 767 3101 Stilus
788 3037 888 3100 curies
910 3038 1061 3102 residen-

144 3125 227 3190 tiam
248 3120 381 3215 quo'que
402 3121 503 3214 aliem
524 3139 619 3275 vlpcm
639 3144 803 3213 proruam·
810 3148 821 3200 3
845 3142 918 3211 que
933 3122 995 3223 sub
1009 3122 1060 3211 ip·

466 3244 469 3249 ·
578 3227 603 3292 4
951 3230 1019 3275 stus

103 3426 267 3549 (xl-Sem.
290 3465 348 3531 tl.
372 3489 402 3532 c.
430 3488 443 3530 1
469 3483 503 3533 et
525 3466 606 3533 Sese.
631 3466 767 3534 XXIII.
790 3492 819 3533 c.
841 3489 870 3551 1„

103 3558 161 3639 (y)
183 3550 278 3616 Trid.
303 3551 386 3618 Sese.
407 3569 451 3632 24
487 3576 515 3618 c.
542 3576 582 3616 rs
602 3553 651 3625 de
683 3554 816 3621 Morus.
838 3552 895 3620 Gla
913 3578 944 3622 c.
967 3550 1073 3621 final:

149 3636 191 3703 de
213 3634 300 3704 (Iler.
323 3660 389 3705 non
411 3638 508 3705 resid.
533 3657 565 3706 et
581 3639 684 3706 *coss
706 3640 750 3707 de
765 3640 886 3707 exau.

101 3724 153 3813 (z)
182 3722 250 3790 Vid·
263 3746 306 3795 tc
320 3724 420 3827 :unic
441 3724 482 3796 de
506 3726 652 3801 Clericis
677 3750 757 3799 nou
772 3710 1113 3805 'resitentes-'ws-
