2340 4094
54 246 126 329 cap.
150 248 205 313 11.
226 238 283 307 De
297 240 447 309 clericor.
463 240 695 305 sustentatione
708 254 740 307 et
755 240 885 335 benefic.
898 246 973 311 ecel.
997 270 1041 345 ῃ

53 388 103 453 tur
127 378 323 477 praerius,
350 390 419 457 aut
437 378 542 453 aliud
567 379 661 476 quid
685 379 768 461 vitii
791 380 1042 457 intercessisse
1119 376 1122 381 ’

53 474 301 573 probaretur,
327 475 367 549 id
378 500 507 645 genus
520 476 665 549 'electio
690 502 714 552 a
738 476 941 577 Superiore
966 482 1043 571 ad-

55 573 228 649 mittenda
253 573 358 649 haud
395 584 486 649 oret
514 577 569 671 (c)

89 672 125 759 0)
145 670 371 756 lmpirationir
391 671 510 736 divinae
536 667 683 761 exempla
706 671 855 773 quiedam
900 675 1042 741 rioribus

131 754 277 833 eccleciae
297 754 411 833 seculis
434 780 462 822 e.
485 759 575 843 guin
597 758 757 839 Fabiam,
779 762 830 859 (ο)
852 694 1042 841 Aiexandri,

126 841 187 945 (ἀ)
204 841 352 921 Martini,
372 844 423 929 (e)
446 839 654 932 aliorumque
675 840 889 911 electionibus
902 848 1044 935 antiqui·

127 944 205 995 tatu
225 945 438 995 monumenta
460 946 656 996 memorant.

95 1162 241 1239 Electio
262 1186 332 1259 per
356 1066 684 1241 scruriieuiri⁵hoe
698 1162 815 1239 modo
831 1164 1042 1267 peragitur:

59 1262 90 1355 r)¹
109 1262 358 1361 praesentium
383 1261 650 1362 capitularium
676 1262 865 1375 suffragia,
891 1289 980 1363 quae
998 1265 1044 1337 si-

57 1382 96 1433 ve
117 1362 208 1432 viva
228 1384 343 1451 uoce,
368 1359 477 1454 cive,
500 1358 620 1459 ,quod
643 1358 683 1433 in
707 1361 954 1437 electionibus
976 1387 1045 1441 re·-

56 1455 260 1555 gnlarium,
286 1456 359 1531 nisi
382 1484 452 1558 per
476 1458 792 1558 compromissum
817 1460 934 1551 finnt,
969 1464 1043 1539 sub

56 1553 228 1631 nullitatis
243 1580 359 1655 poeua
374 1556 607 1659 requiritur,
626 1554 674 1653 (ί)
690 1562 828 1655 scripto
845 1574 882 1633 et
898 1576 1043 1653 secreto

57 1650 215 1748 dantur,
252 1665 327 1731 tres
351 1652 427 1728 fide
452 1655 557 1756 digni
582 1656 628 1727 de
655 1655 845 1753 capitulo,
881 1668 947 1731 aut
970 1684 1043 1755 per

57 1752 357 1827 consuetudinem
383 1752 496 1845 etiam
519 1754 702 1842 extranei,
731 1754 926 1854 designati,
953 1754 1041 1829 ideo

57 1865 275 1927 scrutatores
292 1849 384 1925 dicti
397 1858 433 1952 *)
449 1866 603 1944 secrete,
621 1864 658 1925 et
670 1852 903 1951 singillatim,
920 1852 961 1925 id
972 1866 1040 1947 est,

50 1947 204 2023 reorcim
227 1950 278 2023 ab
297 1949 384 2050 ¹aliis
408 1955 456 2029 de
481 1948 673 2047 capitulo,
713 1948 891 2052 rulliagia
914 1948 1042 2025 adno-

56 2057 153 2141 tant,
179 2059 246 2122 aut
270 2047 452 2149 colligunt
464 2078 477 2137 ς
518 2053 556 2143 2)
596 2044 783 2149 suffragiis
808 2050 848 2122 in
873 2048 1042 2146 scriptu÷

56 2168 129 2225 reru
145 2146 331 2241 redactis,
356 2148 419 2222 vel
434 2146 473 2221 in
488 2170 624 2221 urnam
641 2147 761 2219 missis
777 2160 867 2225 vota
882 2146 923 2219 in
940 2172 1042 2221 com·

57 2246 154 2319 muni
178 2244 453 2345 publicantur,
479 2246 520 2319 id
544 2255 620 2338 est,
640 2255 747 2323 'vota
776 2258 1040 2339 numerantur,
1138 2274 1142 2281 ’

25 2336 87 2445 isti
107 2354 165 2417 tot
189 2369 267 2419 asae
291 2342 489 2447 suffragia,
527 2352 623 2445 quot
657 2352 745 2418 sunt
774 2342 1040 2441 suffragantes,

24 2449 38 2598 p
58 2442 203 2539 publice
211 2441 523 2541 indicatur,quod
534 2451 697 2516 vocatur
705 2442 909 2539 publicatio
921 2444 1042 2517 scurt-

59 2544 116 2631 nii,
140 2562 220 2639 quo
236 2536 336 2615 facto
352 2545 506 2614 variare
522 2563 588 2611 seu
611 2549 815 2615 retractare
831 2564 941 2611 suum
957 2535 1042 2608 suf-

58 2632 210 2741 fragium
226 2638 373 2713 nemini
391 2639 490 2714 licet.
517 2643 576 2736 ”l
602 2641 661 2738 (g)
686 2636 805 2714 Subin
830 2642 866 2737 5)
892 2635 934 2803 pt
954 2634 1041 2744 col-

40 2772 43 2779 ·
913 2742 989 2807 atio

81 2930 380 2957 Ἀ-*η

92 3035 142 3119 (c)
162 3030 262 3119 Ap'ud
282 3030 403 3100 Eureb.
426 3028 468 3095 Η.
492 3026 534 3093 Ε.
558 3026 597 3093 L.
621 3026 641 3089 6
665 3023 707 3112 C..
727 3044 780 3110 29.

93 3120 149 3205 (d)
171 3116 271 3205 Apud
292 3116 392 3183 eund.
415 3114 488 3181 eod.
510 3113 569 3179 lib.
593 3136 622 3177 c.
651 3130 701 3173 11.

93 3206 143 3289 (e)
161 3204 261 3291 Apud
281 3200 461 3291 Sulpitium
474 3199 633 3265 Severum
643 3197 677 3260 in
690 3194 754 3261 vita
766 3192 799 3258 S.
810 3190 945 3261 Martini
966 3210 1043 3283 ῳ.

93 3292 138 3385 (ί)
157 3290 255 3357 Trid.
277 3288 360 3355 sas.
384 3291 425 3355 25
447 3286 489 3351 de
511 3281 663 3369 Regulnr.
687 3303 716 3345 c.
739 3282 760 3344 6
781 3293 875 3360 runt,
897 3276 955 3367 qui
980 3274 1043 3339 hoc

133 3374 303 3443 decretum
322 3370 430 3441 colum
447 3370 489 3441 ad
504 3368 716 3455 Regularium
727 3362 941 3443 Brulutorurn
957 3376 1044 3425 tem·
1154 3364 1158 3385 ⁸

49 3526 53 3533 .
133 3463 314 3551 paralium,
347 3482 414 3525 non
441 3460 520 3524 item
550 3455 591 3520 nd
638 3466 842 3565 ¹erpetuorum
871 3446 1044 3513 electione·

11 3600 13 3613 .
158 3550 297 3615 ertinere
318 3546 476 3625 credunt,
513 3543 579 3608 vid.
633 3559 675 3605 et.
710 3533 912 3605 Guetratber
941 3534 1043 3636 ΙΡοιιι

11 3630 16 3723 ζ
133 3568 291 3699 ionorirr
314 3654 346 3699 c.
368 3651 390 3713 4
412 3634 441 3715 §.
465 3653 483 3691 a
505 3653 539 3693 n.
561 3653 583 3711 7
604 3649 677 3721 pag,
701 3644 778 3717 2109
799 3644 891 3715 teqq.

96 3720 143 3809 (p)
164 3718 202 3791 C.
225 3738 291 3805 42..
305 3722 360 3787 58.
383 3720 424 3787 de
445 3713 552 3787 Eloct·
