<?xml version="1.0" encoding="UTF-8"?>
<!DOCTYPE html PUBLIC "-//W3C//DTD XHTML 1.0 Transitional//EN"
    "http://www.w3.org/TR/xhtml1/DTD/xhtml1-transitional.dtd">
<html xmlns="http://www.w3.org/1999/xhtml" xml:lang="en" lang="en">
 <head>
  <title>
</title>
<meta http-equiv="Content-Type" content="text/html;charset=utf-8" />
  <meta name='ocr-system' content='tesseract 3.04.00' />
  <meta name='ocr-capabilities' content='ocr_page ocr_carea ocr_par ocr_line ocrx_word'/>
</head>
<body>
  <div class='ocr_page' id='page_1' title='image "./institutionesju00schegoog_0068.png"; bbox 0 0 2340 4094; ppageno 0'>
   <div class='ocr_carea' id='block_1_1' title="bbox 220 192 1035 327">
    <p class='ocr_par' dir='ltr' id='par_1_1' title="bbox 220 192 1035 327">
     <span class='ocr_line' id='line_1_1' title="bbox 220 192 1035 327; baseline -0.011 -22"><span class='ocrx_word' id='word_1_1' title='bbox 220 242 299 327; x_wconf 76' lang='lat' dir='ltr'><strong>Cep.</strong></span> <span class='ocrx_word' id='word_1_2' title='bbox 322 243 353 301; x_wconf 85' lang='lat' dir='ltr'><strong>t.</strong></span> <span class='ocrx_word' id='word_1_3' title='bbox 390 242 440 303; x_wconf 80' lang='lat' dir='ltr'><strong>De</strong></span> <span class='ocrx_word' id='word_1_4' title='bbox 461 234 611 313; x_wconf 67' lang='lat' dir='ltr'><strong>Petronis</strong></span> <span class='ocrx_word' id='word_1_5' title='bbox 631 230 865 301; x_wconf 80' lang='lat' dir='ltr'><strong>ecclesiasticis.</strong></span> <span class='ocrx_word' id='word_1_6' title='bbox 903 192 906 197; x_wconf 25' lang='grc' dir='ltr'>Ι</span> <span class='ocrx_word' id='word_1_7' title='bbox 993 254 1035 323; x_wconf 84' lang='lat'><strong>27</strong></span> 
     </span>
    </p>
   </div>
   <div class='ocr_carea' id='block_1_2' title="bbox 82 365 1107 3095">
    <p class='ocr_par' dir='ltr' id='par_1_2' title="bbox 82 365 1041 1121">
     <span class='ocr_line' id='line_1_2' title="bbox 82 365 1038 458; baseline -0.008 -20"><span class='ocrx_word' id='word_1_8' title='bbox 82 414 88 425; x_wconf 92' lang='lat'>·</span> <span class='ocrx_word' id='word_1_9' title='bbox 134 370 277 439; x_wconf 72' lang='lat' dir='ltr'><strong>titutum</strong></span> <span class='ocrx_word' id='word_1_10' title='bbox 298 368 439 458; x_wconf 64' lang='lat' dir='ltr'><strong>beneficii</strong></span> <span class='ocrx_word' id='word_1_11' title='bbox 463 369 630 434; x_wconf 74' lang='lat' dir='ltr'><strong>constituit</strong></span> <span class='ocrx_word' id='word_1_12' title='bbox 652 367 805 455; x_wconf 83' lang='lat' dir='ltr'><strong>pottettio</strong></span> <span class='ocrx_word' id='word_1_13' title='bbox 825 365 960 451; x_wconf 79' lang='lat' dir='ltr'><strong>pacifice</strong></span> <span class='ocrx_word' id='word_1_14' title='bbox 982 367 1038 431; x_wconf 82' lang='lat' dir='ltr'><strong>be-</strong></span> 
     </span>
     <span class='ocr_line' id='line_1_3' title="bbox 128 451 1037 539; baseline -0.003 -21"><span class='ocrx_word' id='word_1_15' title='bbox 128 454 239 519; x_wconf 87' lang='lat' dir='ltr'><strong>neficii</strong></span> <span class='ocrx_word' id='word_1_16' title='bbox 262 456 342 531; x_wconf 87' lang='lat' dir='ltr'><strong>veri,</strong></span> <span class='ocrx_word' id='word_1_17' title='bbox 363 470 396 517; x_wconf 79' lang='lat' dir='ltr'><strong>et</strong></span> <span class='ocrx_word' id='word_1_18' title='bbox 416 458 564 538; x_wconf 88' lang='lat' dir='ltr'><strong>perpetui</strong></span> <span class='ocrx_word' id='word_1_19' title='bbox 580 455 620 519; x_wconf 86' lang='lat' dir='ltr'><strong>od</strong></span> <span class='ocrx_word' id='word_1_20' title='bbox 634 476 809 539; x_wconf 79' lang='lat' dir='ltr'><strong>congruam</strong></span> <span class='ocrx_word' id='word_1_21' title='bbox 825 451 956 519; x_wconf 86' lang='lat' dir='ltr'><strong>Clericii</strong></span> <span class='ocrx_word' id='word_1_22' title='bbox 970 475 1037 516; x_wconf 82' lang='lat' dir='ltr'><strong>tuc-</strong></span> 
     </span>
     <span class='ocr_line' id='line_1_4' title="bbox 123 539 1039 628; baseline -0.004 -23"><span class='ocrx_word' id='word_1_23' title='bbox 123 541 339 607; x_wconf 75' lang='lat' dir='ltr'>tentationem</span> <span class='ocrx_word' id='word_1_24' title='bbox 359 540 554 617; x_wconf 72' lang='lat' dir='ltr'><strong>tufficieutit,</strong></span> <span class='ocrx_word' id='word_1_25' title='bbox 578 542 665 628; x_wconf 88' lang='lat' dir='ltr'><strong>quod</strong></span> <span class='ocrx_word' id='word_1_26' title='bbox 686 542 780 623; x_wconf 87' lang='lat' dir='ltr'><strong>proin</strong></span> <span class='ocrx_word' id='word_1_27' title='bbox 796 539 960 625; x_wconf 81' lang='lat' dir='ltr'><strong>resignari,</strong></span> <span class='ocrx_word' id='word_1_28' title='bbox 983 560 1039 602; x_wconf 89' lang='lat' dir='ltr'><strong>ne·</strong></span> 
     </span>
     <span class='ocr_line' id='line_1_5' title="bbox 126 622 1037 711; baseline -0.001 -23"><span class='ocrx_word' id='word_1_29' title='bbox 126 626 213 711; x_wconf 89' lang='lat' dir='ltr'><strong>quit,</strong></span> <span class='ocrx_word' id='word_1_30' title='bbox 237 625 298 705; x_wconf 78' lang='lat' dir='ltr'><strong>niti</strong></span> <span class='ocrx_word' id='word_1_31' title='bbox 319 622 451 691; x_wconf 75' lang='lat' dir='ltr'><strong>aliunde</strong></span> <span class='ocrx_word' id='word_1_32' title='bbox 473 626 580 690; x_wconf 77' lang='lat' dir='ltr'><strong>cautio</strong></span> <span class='ocrx_word' id='word_1_33' title='bbox 601 626 641 689; x_wconf 86' lang='lat' dir='ltr'><strong>do</strong></span> <span class='ocrx_word' id='word_1_34' title='bbox 652 649 791 705; x_wconf 72' lang='lat' dir='ltr'><strong>congrua</strong></span> <span class='ocrx_word' id='word_1_35' title='bbox 805 624 1037 687; x_wconf 69' lang='lat' dir='ltr'><strong>sustentatione</strong></span> 
     </span>
     <span class='ocr_line' id='line_1_6' title="bbox 128 710 1039 799; baseline -0.001 -26"><span class='ocrx_word' id='word_1_36' title='bbox 128 710 291 775; x_wconf 74' lang='lat' dir='ltr'><strong>habentur</strong></span> <span class='ocrx_word' id='word_1_37' title='bbox 312 714 374 797; x_wconf 86' lang='lat' dir='ltr'><strong>(e).</strong></span> <span class='ocrx_word' id='word_1_38' title='bbox 419 710 493 777; x_wconf 87' lang='lat' dir='ltr'><strong>Huc</strong></span> <span class='ocrx_word' id='word_1_39' title='bbox 515 711 682 777; x_wconf 75' lang='lat' dir='ltr'>reducitur</span> <span class='ocrx_word' id='word_1_40' title='bbox 703 713 745 781; x_wconf 82' lang='lat' dir='ltr'><strong>ll.</strong></span> <span class='ocrx_word' id='word_1_41' title='bbox 770 710 881 775; x_wconf 85' lang='lat' dir='ltr'><strong>titulus</strong></span> <span class='ocrx_word' id='word_1_42' title='bbox 907 711 1039 799; x_wconf 77' lang='lat' dir='ltr'><strong>proset-</strong></span> 
     </span>
     <span class='ocr_line' id='line_1_7' title="bbox 128 794 1038 886; baseline -0.007 -23"><span class='ocrx_word' id='word_1_43' title='bbox 128 797 227 863; x_wconf 77' lang='lat' dir='ltr'><strong>sionis</strong></span> <span class='ocrx_word' id='word_1_44' title='bbox 260 794 411 886; x_wconf 78' lang='lat' dir='ltr'><strong>&#39;religiosa</strong></span> <span class='ocrx_word' id='word_1_45' title='bbox 442 798 477 861; x_wconf 89' lang='lat' dir='ltr'><strong>in</strong></span> <span class='ocrx_word' id='word_1_46' title='bbox 511 796 638 863; x_wconf 79' lang='lat' dir='ltr'><strong>Ordine</strong></span> <span class='ocrx_word' id='word_1_47' title='bbox 672 798 882 883; x_wconf 79' lang='lat' dir='ltr'><strong>proventibus</strong></span> <span class='ocrx_word' id='word_1_48' title='bbox 904 796 943 858; x_wconf 78' lang='lat' dir='ltr'><strong>od</strong></span> <span class='ocrx_word' id='word_1_49' title='bbox 964 816 1038 857; x_wconf 81' lang='lat' dir='ltr'><strong>suos</strong></span> 
     </span>
     <span class='ocr_line' id='line_1_8' title="bbox 128 878 1037 972; baseline -0.001 -27"><span class='ocrx_word' id='word_1_50' title='bbox 128 878 264 947; x_wconf 79' lang='lat' dir='ltr'><strong>alendos</strong></span> <span class='ocrx_word' id='word_1_51' title='bbox 284 902 333 946; x_wconf 79' lang='lat' dir='ltr'><strong>ent</strong></span> <span class='ocrx_word' id='word_1_52' title='bbox 353 884 532 957; x_wconf 89' lang='lat' dir='ltr'><strong>iuttructo,</strong></span> <span class='ocrx_word' id='word_1_53' title='bbox 564 880 613 947; x_wconf 85' lang='lat' dir='ltr'><strong>vel</strong></span> <span class='ocrx_word' id='word_1_54' title='bbox 634 884 835 972; x_wconf 79' lang='lat' dir='ltr'><em>paupertatis</em></span> <span class='ocrx_word' id='word_1_55' title='bbox 866 882 898 944; x_wconf 90' lang='lat' dir='ltr'><strong>in</strong></span> <span class='ocrx_word' id='word_1_56' title='bbox 922 881 1037 944; x_wconf 78' lang='lat' dir='ltr'><strong>ordine</strong></span> 
     </span>
     <span class='ocr_line' id='line_1_9' title="bbox 127 964 1039 1059; baseline -0.005 -26"><span class='ocrx_word' id='word_1_57' title='bbox 127 968 398 1047; x_wconf 74' lang='lat' dir='ltr'><strong>mendicantium.</strong></span> <span class='ocrx_word' id='word_1_58' title='bbox 421 968 482 1036; x_wconf 84' lang='lat' dir='ltr'><strong>ill.</strong></span> <span class='ocrx_word' id='word_1_59' title='bbox 512 970 634 1035; x_wconf 72' lang='lat' dir='ltr'><strong>Titulus</strong></span> <span class='ocrx_word' id='word_1_60' title='bbox 653 968 840 1059; x_wconf 84' lang='lat' dir='ltr'><strong>patrimonii</strong></span> <span class='ocrx_word' id='word_1_61' title='bbox 859 991 877 1031; x_wconf 81' lang='lat' dir='ltr'><strong>e</strong></span> <span class='ocrx_word' id='word_1_62' title='bbox 900 964 1039 1031; x_wconf 86' lang='lat' dir='ltr'><strong>Triden-</strong></span> 
     </span>
     <span class='ocr_line' id='line_1_10' title="bbox 128 1048 1041 1121; baseline -0.004 -4"><span class='ocrx_word' id='word_1_63' title='bbox 128 1054 202 1117; x_wconf 87' lang='lat' dir='ltr'><strong>tino</strong></span> <span class='ocrx_word' id='word_1_64' title='bbox 222 1053 352 1121; x_wconf 79' lang='lat' dir='ltr'><strong>nonniti</strong></span> <span class='ocrx_word' id='word_1_65' title='bbox 370 1052 417 1121; x_wconf 85' lang='lat' dir='ltr'><strong>olt</strong></span> <span class='ocrx_word' id='word_1_66' title='bbox 436 1052 577 1120; x_wconf 70' lang='lat' dir='ltr'><strong>ecclesie</strong></span> <span class='ocrx_word' id='word_1_67' title='bbox 603 1057 822 1121; x_wconf 77' lang='lat' dir='ltr'><strong>necersitetem</strong></span> <span class='ocrx_word' id='word_1_68' title='bbox 844 1048 896 1117; x_wconf 87' lang='lat' dir='ltr'><strong>vel</strong></span> <span class='ocrx_word' id='word_1_69' title='bbox 918 1050 1041 1115; x_wconf 81' lang='lat' dir='ltr'><strong>utilite·</strong></span> 
     </span>
    </p>

    <p class='ocr_par' dir='ltr' id='par_1_3' title="bbox 105 1137 1041 1569">
     <span class='ocr_line' id='line_1_11' title="bbox 105 1137 1040 1226; baseline -0.002 -23"><span class='ocrx_word' id='word_1_70' title='bbox 105 1156 200 1221; x_wconf 70' lang='lat' dir='ltr'><strong>,tem</strong></span> <span class='ocrx_word' id='word_1_71' title='bbox 222 1139 417 1222; x_wconf 78' lang='lat' dir='ltr'><strong>admittitur,</strong></span> <span class='ocrx_word' id='word_1_72' title='bbox 442 1142 484 1205; x_wconf 82' lang='lat' dir='ltr'><strong>ite</strong></span> <span class='ocrx_word' id='word_1_73' title='bbox 509 1140 667 1226; x_wconf 88' lang='lat' dir='ltr'><strong>quidem,</strong></span> <span class='ocrx_word' id='word_1_74' title='bbox 690 1158 727 1206; x_wconf 90' lang='lat' dir='ltr'><strong>nt</strong></span> <span class='ocrx_word' id='word_1_75' title='bbox 751 1142 783 1225; x_wconf 86' lang='lat' dir='ltr'><strong>t)</strong></span> <span class='ocrx_word' id='word_1_76' title='bbox 803 1137 1040 1225; x_wconf 79' lang='lat' dir='ltr'><strong>patrimonium</strong></span> 
     </span>
     <span class='ocr_line' id='line_1_12' title="bbox 129 1222 1041 1313; baseline -0.008 -22"><span class='ocrx_word' id='word_1_77' title='bbox 129 1225 174 1291; x_wconf 86' lang='lat' dir='ltr'><strong>tit</strong></span> <span class='ocrx_word' id='word_1_78' title='bbox 185 1241 324 1304; x_wconf 84' lang='lat' dir='ltr'><strong>certum,</strong></span> <span class='ocrx_word' id='word_1_79' title='bbox 336 1228 371 1311; x_wconf 82' lang='lat' dir='ltr'><strong>tt)</strong></span> <span class='ocrx_word' id='word_1_80' title='bbox 382 1224 514 1313; x_wconf 80' lang='lat' dir='ltr'><strong>pacifico</strong></span> <span class='ocrx_word' id='word_1_81' title='bbox 526 1248 715 1311; x_wconf 74' lang='lat' dir='ltr'><strong>portentum,</strong></span> <span class='ocrx_word' id='word_1_82' title='bbox 738 1224 776 1307; x_wconf 84' lang='lat'><strong>3)</strong></span> <span class='ocrx_word' id='word_1_83' title='bbox 787 1248 860 1289; x_wconf 90' lang='lat' dir='ltr'><strong>vere</strong></span> <span class='ocrx_word' id='word_1_84' title='bbox 868 1222 1041 1302; x_wconf 81' lang='lat' dir='ltr'><strong>sufficient,</strong></span> 
     </span>
     <span class='ocr_line' id='line_1_13' title="bbox 128 1307 1038 1413; baseline -0.004 -38"><span class='ocrx_word' id='word_1_85' title='bbox 128 1314 169 1391; x_wconf 77' lang='grc'><strong>4)</strong></span> <span class='ocrx_word' id='word_1_86' title='bbox 192 1330 254 1375; x_wconf 86' lang='lat' dir='ltr'><strong>uec</strong></span> <span class='ocrx_word' id='word_1_87' title='bbox 272 1312 395 1413; x_wconf 75' lang='lat' dir='ltr'><strong>alteque</strong></span> <span class='ocrx_word' id='word_1_88' title='bbox 416 1311 445 1379; x_wconf 91' lang='lat' dir='ltr'>E</span> <span class='ocrx_word' id='word_1_89' title='bbox 470 1312 571 1395; x_wconf 78' lang='lat' dir='ltr'><strong>itcopi</strong></span> <span class='ocrx_word' id='word_1_90' title='bbox 594 1307 771 1380; x_wconf 74' lang='lat' dir='ltr'><strong>facultate..</strong></span> <span class='ocrx_word' id='word_1_91' title='bbox 799 1312 900 1375; x_wconf 89' lang='lat' dir='ltr'><strong>immo</strong></span> <span class='ocrx_word' id='word_1_92' title='bbox 932 1329 1038 1395; x_wconf 89' lang='lat' dir='ltr'><strong>neque</strong></span> 
     </span>
     <span class='ocr_line' id='line_1_14' title="bbox 119 1334 1040 1465; baseline -0.004 -2"><span class='ocrx_word' id='word_1_93' title='bbox 119 1410 206 1463; x_wconf 82' lang='lat' dir='ltr'><strong>cum</strong></span> <span class='ocrx_word' id='word_1_94' title='bbox 227 1394 289 1462; x_wconf 87' lang='lat' dir='ltr'><strong>hec</strong></span> <span class='ocrx_word' id='word_1_95' title='bbox 310 1334 527 1464; x_wconf 74' lang='lat' dir='ltr'><strong>alienantium.</strong></span> <span class='ocrx_word' id='word_1_96' title='bbox 552 1396 863 1465; x_wconf 83' lang='lat' dir='ltr'><strong>donecbeneficiuut</strong></span> <span class='ocrx_word' id='word_1_97' title='bbox 880 1393 1040 1459; x_wconf 72' lang='lat' dir='ltr'><strong>sufficiens</strong></span> 
     </span>
     <span class='ocr_line' id='line_1_15' title="bbox 126 1480 1040 1569; baseline -0.004 -22"><span class='ocrx_word' id='word_1_98' title='bbox 126 1482 195 1553; x_wconf 82' lang='lat' dir='ltr'><strong>tint</strong></span> <span class='ocrx_word' id='word_1_99' title='bbox 205 1480 325 1568; x_wconf 77' lang='lat' dir='ltr'><strong>adepti,</strong></span> <span class='ocrx_word' id='word_1_100' title='bbox 338 1480 388 1549; x_wconf 84' lang='lat' dir='ltr'><strong>vel</strong></span> <span class='ocrx_word' id='word_1_101' title='bbox 397 1480 528 1547; x_wconf 79' lang='lat' dir='ltr'><strong>aliunde</strong></span> <span class='ocrx_word' id='word_1_102' title='bbox 539 1482 690 1559; x_wconf 77' lang='lat' dir='ltr'><strong>habeant,</strong></span> <span class='ocrx_word' id='word_1_103' title='bbox 700 1481 787 1549; x_wconf 85' lang='lat' dir='ltr'><strong>unde</strong></span> <span class='ocrx_word' id='word_1_104' title='bbox 798 1483 907 1549; x_wconf 79' lang='lat' dir='ltr'><strong>&#39;vivere</strong></span> <span class='ocrx_word' id='word_1_105' title='bbox 916 1481 1040 1569; x_wconf 74' lang='lat' dir='ltr'><strong>possint</strong></span> 
     </span>
    </p>

    <p class='ocr_par' dir='ltr' id='par_1_4' title="bbox 89 1562 1090 1913">
     <span class='ocr_line' id='line_1_16' title="bbox 89 1562 1039 1657; baseline -0.001 -26"><span class='ocrx_word' id='word_1_106' title='bbox 89 1613 93 1621; x_wconf 80' lang='lat'><strong>·</strong></span> <span class='ocrx_word' id='word_1_107' title='bbox 127 1562 177 1653; x_wconf 77' lang='lat' dir='ltr'><strong>(f)</strong></span> <span class='ocrx_word' id='word_1_108' title='bbox 215 1566 366 1657; x_wconf 84' lang='lat' dir='ltr'><strong>Denique</strong></span> <span class='ocrx_word' id='word_1_109' title='bbox 378 1570 431 1634; x_wconf 84' lang='lat' dir='ltr'><strong>lv.</strong></span> <span class='ocrx_word' id='word_1_110' title='bbox 447 1570 555 1641; x_wconf 78' lang='lat' dir='ltr'><strong>titulus</strong></span> <span class='ocrx_word' id='word_1_111' title='bbox 566 1594 675 1637; x_wconf 76' lang='lat' dir='ltr'><strong>mense</strong></span> <span class='ocrx_word' id='word_1_112' title='bbox 683 1566 875 1653; x_wconf 83' lang='lat' dir='ltr'><strong>simpliciter</strong></span> <span class='ocrx_word' id='word_1_113' title='bbox 886 1568 950 1629; x_wconf 80' lang='lat' dir='ltr'><strong>tint</strong></span> <span class='ocrx_word' id='word_1_114' title='bbox 961 1565 1039 1630; x_wconf 90' lang='lat' dir='ltr'><strong>dic-</strong></span> 
     </span>
     <span class='ocr_line' id='line_1_17' title="bbox 130 1653 1038 1742; baseline -0.001 -25"><span class='ocrx_word' id='word_1_115' title='bbox 130 1670 184 1717; x_wconf 77' lang='lat' dir='ltr'><strong>tue</strong></span> <span class='ocrx_word' id='word_1_116' title='bbox 195 1653 382 1721; x_wconf 86' lang='lat' dir='ltr'><strong>continetur</strong></span> <span class='ocrx_word' id='word_1_117' title='bbox 392 1656 492 1721; x_wconf 78' lang='lat' dir='ltr'><strong>literis</strong></span> <span class='ocrx_word' id='word_1_118' title='bbox 506 1656 700 1742; x_wconf 72' lang='lat' dir='ltr'><strong>patentibus.</strong></span> <span class='ocrx_word' id='word_1_119' title='bbox 727 1656 845 1739; x_wconf 82' lang='lat' dir='ltr'><strong>quibus</strong></span> <span class='ocrx_word' id='word_1_120' title='bbox 856 1653 1038 1733; x_wconf 77' lang='lat' dir='ltr'><strong>Principes,</strong></span> 
     </span>
     <span class='ocr_line' id='line_1_18' title="bbox 127 1738 1090 1819; baseline -0.002 -14"><span class='ocrx_word' id='word_1_121' title='bbox 127 1738 278 1819; x_wconf 69' lang='lat' dir='ltr'><strong>Nobile,</strong></span> <span class='ocrx_word' id='word_1_122' title='bbox 298 1758 355 1809; x_wconf 89' lang='lat' dir='ltr'><strong>tut</strong></span> <span class='ocrx_word' id='word_1_123' title='bbox 373 1743 620 1811; x_wconf 69' lang='lat' dir='ltr'><strong>communitates</strong></span> <span class='ocrx_word' id='word_1_124' title='bbox 632 1738 808 1817; x_wconf 82' lang='lat' dir='ltr'><strong>Clericum,</strong></span> <span class='ocrx_word' id='word_1_125' title='bbox 829 1740 956 1807; x_wconf 73' lang='lat' dir='ltr'><strong>sortese</strong></span> <span class='ocrx_word' id='word_1_126' title='bbox 971 1738 1039 1805; x_wconf 87' lang='lat' dir='ltr'><strong>ho-</strong></span> <span class='ocrx_word' id='word_1_127' title='bbox 1087 1776 1090 1781; x_wconf 93' lang='lat'>·</span> 
     </span>
     <span class='ocr_line' id='line_1_19' title="bbox 128 1822 1040 1913; baseline -0.01 -18"><span class='ocrx_word' id='word_1_128' title='bbox 128 1842 220 1895; x_wconf 81' lang='lat' dir='ltr'><strong>nette</strong></span> <span class='ocrx_word' id='word_1_129' title='bbox 236 1822 323 1895; x_wconf 80' lang='lat' dir='ltr'><strong>alere</strong></span> <span class='ocrx_word' id='word_1_130' title='bbox 344 1828 556 1913; x_wconf 82' lang='lat' dir='ltr'><strong>impotentem</strong></span> <span class='ocrx_word' id='word_1_131' title='bbox 576 1849 637 1891; x_wconf 90' lang='lat' dir='ltr'><strong>con</strong></span> <span class='ocrx_word' id='word_1_132' title='bbox 662 1851 718 1892; x_wconf 85' lang='lat' dir='ltr'><strong>rue</strong></span> <span class='ocrx_word' id='word_1_133' title='bbox 740 1844 918 1890; x_wconf 77' lang='lat' dir='ltr'><strong>sustentare</strong></span> <span class='ocrx_word' id='word_1_134' title='bbox 934 1845 1040 1907; x_wconf 74' lang='lat' dir='ltr'><strong>spon-</strong></span> 
     </span>
    </p>

    <p class='ocr_par' dir='ltr' id='par_1_5' title="bbox 108 1850 1107 3092">
     <span class='ocr_line' id='line_1_20' title="bbox 108 1850 1040 1995; baseline -0.006 -16"><span class='ocrx_word' id='word_1_135' title='bbox 108 1910 223 1983; x_wconf 67' lang='lat' dir='ltr'><strong>&#39;dcnu</strong></span> <span class='ocrx_word' id='word_1_136' title='bbox 269 1911 343 1979; x_wconf 89' lang='lat' dir='ltr'><strong>Jam</strong></span> <span class='ocrx_word' id='word_1_137' title='bbox 378 1913 458 1978; x_wconf 92' lang='lat' dir='ltr'><strong>olim</strong></span> <span class='ocrx_word' id='word_1_138' title='bbox 489 1915 558 1977; x_wconf 82' lang='lat' dir='ltr'><strong>sine</strong></span> <span class='ocrx_word' id='word_1_139' title='bbox 579 1850 675 1978; x_wconf 74' lang='lat' dir='ltr'><strong>tituio</strong></span> <span class='ocrx_word' id='word_1_140' title='bbox 698 1912 839 1979; x_wconf 74' lang='lat' dir='ltr'><strong>ordinati</strong></span> <span class='ocrx_word' id='word_1_141' title='bbox 862 1912 932 1995; x_wconf 76' lang='lat' dir='ltr'><strong>ipso</strong></span> <span class='ocrx_word' id='word_1_142' title='bbox 954 1908 1040 1981; x_wconf 79' lang='lat' dir='ltr'><strong>fecto</strong></span> 
     </span>
     <span class='ocr_line' id='line_1_21' title="bbox 126 1996 1107 2085; baseline -0.005 -24"><span class='ocrx_word' id='word_1_143' title='bbox 126 1998 284 2081; x_wconf 78' lang='lat' dir='ltr'><strong>ruspensi,</strong></span> <span class='ocrx_word' id='word_1_144' title='bbox 306 2015 339 2063; x_wconf 87' lang='lat' dir='ltr'><strong>et</strong></span> <span class='ocrx_word' id='word_1_145' title='bbox 360 1998 394 2063; x_wconf 91' lang='lat' dir='ltr'><strong>in</strong></span> <span class='ocrx_word' id='word_1_146' title='bbox 417 2024 452 2064; x_wconf 79' lang='lat' dir='ltr'><strong>ea</strong></span> <span class='ocrx_word' id='word_1_147' title='bbox 474 2000 682 2085; x_wconf 70' lang='lat' dir='ltr'><strong>suspensione</strong></span> <span class='ocrx_word' id='word_1_148' title='bbox 693 1996 844 2063; x_wconf 86' lang='lat' dir='ltr'><strong>ordinem</strong></span> <span class='ocrx_word' id='word_1_149' title='bbox 856 2012 1040 2061; x_wconf 77' lang='lat' dir='ltr'><strong>exercentes</strong></span> <span class='ocrx_word' id='word_1_150' title='bbox 1103 2017 1107 2025; x_wconf 88' lang='lat'><strong>·</strong></span> 
     </span>
     <span class='ocr_line' id='line_1_22' title="bbox 127 2082 1041 2170; baseline -0.007 -23"><span class='ocrx_word' id='word_1_151' title='bbox 127 2082 322 2167; x_wconf 70' lang='lat' dir='ltr'><strong>irregulares</strong></span> <span class='ocrx_word' id='word_1_152' title='bbox 332 2103 422 2149; x_wconf 84' lang='lat' dir='ltr'><strong>erant</strong></span> <span class='ocrx_word' id='word_1_153' title='bbox 436 2088 508 2170; x_wconf 79' lang='lat' dir='ltr'><strong>(g)3</strong></span> <span class='ocrx_word' id='word_1_154' title='bbox 531 2084 628 2150; x_wconf 79' lang='lat' dir='ltr'><strong>aubin</strong></span> <span class='ocrx_word' id='word_1_155' title='bbox 639 2109 697 2169; x_wconf 91' lang='lat' dir='ltr'><strong>per</strong></span> <span class='ocrx_word' id='word_1_156' title='bbox 713 2106 848 2149; x_wconf 81' lang='lat' dir='ltr'><strong>canones</strong></span> <span class='ocrx_word' id='word_1_157' title='bbox 859 2082 1041 2167; x_wconf 76' lang='lat' dir='ltr'><strong>Epistopus</strong></span> 
     </span>
     <span class='ocr_line' id='line_1_23' title="bbox 123 2158 1044 2257; baseline -0.005 -24"><span class='ocrx_word' id='word_1_158' title='bbox 123 2164 269 2233; x_wconf 84' lang='lat' dir='ltr'><strong>Clericot</strong></span> <span class='ocrx_word' id='word_1_159' title='bbox 282 2169 325 2233; x_wconf 82' lang='lat' dir='ltr'><strong>in</strong></span> <span class='ocrx_word' id='word_1_160' title='bbox 339 2158 404 2257; x_wconf 71' lang='lat' dir='ltr'><strong>atie</strong></span> <span class='ocrx_word' id='word_1_161' title='bbox 419 2172 594 2247; x_wconf 82' lang='lat' dir='ltr'><strong>ordiuttot,</strong></span> <span class='ocrx_word' id='word_1_162' title='bbox 617 2171 720 2236; x_wconf 88' lang='lat' dir='ltr'><strong>donec</strong></span> <span class='ocrx_word' id='word_1_163' title='bbox 740 2167 899 2237; x_wconf 75' lang='lat' dir='ltr'><strong>beneficio</strong></span> <span class='ocrx_word' id='word_1_164' title='bbox 917 2170 1044 2254; x_wconf 85' lang='lat' dir='ltr'><strong>potian-</strong></span> 
     </span>
     <span class='ocr_line' id='line_1_24' title="bbox 127 2253 1041 2341; baseline -0.004 -22"><span class='ocrx_word' id='word_1_165' title='bbox 127 2262 197 2335; x_wconf 88' lang='lat' dir='ltr'><strong>tur,</strong></span> <span class='ocrx_word' id='word_1_166' title='bbox 219 2258 397 2320; x_wconf 76' lang='lat' dir='ltr'><strong>tut‘teutere</strong></span> <span class='ocrx_word' id='word_1_167' title='bbox 409 2256 543 2341; x_wconf 87' lang='lat' dir='ltr'><strong>jubetur</strong></span> <span class='ocrx_word' id='word_1_168' title='bbox 554 2258 625 2339; x_wconf 87' lang='lat' dir='ltr'><strong>(h):</strong></span> <span class='ocrx_word' id='word_1_169' title='bbox 650 2256 825 2321; x_wconf 85' lang='lat' dir='ltr'><strong>concilium</strong></span> <span class='ocrx_word' id='word_1_170' title='bbox 846 2278 921 2319; x_wconf 82' lang='lat' dir='ltr'><strong>vero</strong></span> <span class='ocrx_word' id='word_1_171' title='bbox 942 2253 1041 2323; x_wconf 85' lang='lat' dir='ltr'><strong>Trid.</strong></span> 
     </span>
     <span class='ocr_line' id='line_1_25' title="bbox 126 2338 1042 2439; baseline -0.004 -32"><span class='ocrx_word' id='word_1_172' title='bbox 126 2360 242 2427; x_wconf 82' lang='lat' dir='ltr'><strong>poenet</strong></span> <span class='ocrx_word' id='word_1_173' title='bbox 261 2341 473 2439; x_wconf 73' lang='lat' dir='ltr'><strong>antiquorum</strong></span> <span class='ocrx_word' id='word_1_174' title='bbox 486 2366 648 2408; x_wconf 82' lang='lat' dir='ltr'><strong>canonum</strong></span> <span class='ocrx_word' id='word_1_175' title='bbox 658 2345 803 2415; x_wconf 82' lang='lat' dir='ltr'><strong>innovat.</strong></span> <span class='ocrx_word' id='word_1_176' title='bbox 826 2338 922 2419; x_wconf 70' lang='lat' dir='ltr'><strong>Unde</strong></span> <span class='ocrx_word' id='word_1_177' title='bbox 939 2356 1042 2425; x_wconf 82' lang='lat' dir='ltr'><strong>argu-</strong></span> 
     </span>
     <span class='ocr_line' id='line_1_26' title="bbox 127 2426 1043 2517; baseline -0.009 -22"><span class='ocrx_word' id='word_1_178' title='bbox 127 2440 217 2503; x_wconf 79' lang='lat' dir='ltr'><strong>unt,</strong></span> <span class='ocrx_word' id='word_1_179' title='bbox 248 2427 337 2515; x_wconf 91' lang='lat' dir='ltr'><strong>quod</strong></span> <span class='ocrx_word' id='word_1_180' title='bbox 361 2436 398 2513; x_wconf 88' lang='lat' dir='ltr'><strong>t)</strong></span> <span class='ocrx_word' id='word_1_181' title='bbox 420 2426 600 2517; x_wconf 69' lang='lat' dir='ltr'><strong>Episcopus</strong></span> <span class='ocrx_word' id='word_1_182' title='bbox 621 2446 742 2495; x_wconf 89' lang='lat' dir='ltr'><strong>temere</strong></span> <span class='ocrx_word' id='word_1_183' title='bbox 764 2446 820 2495; x_wconf 85' lang='lat' dir='ltr'><strong>aut</strong></span> <span class='ocrx_word' id='word_1_184' title='bbox 844 2426 1043 2511; x_wconf 70' lang='lat' dir='ltr'><strong>negligenter</strong></span> 
     </span>
     <span class='ocr_line' id='line_1_27' title="bbox 128 2510 1042 2599; baseline -0.003 -24"><span class='ocrx_word' id='word_1_185' title='bbox 128 2511 178 2575; x_wconf 84' lang='lat' dir='ltr'><strong>tic</strong></span> <span class='ocrx_word' id='word_1_186' title='bbox 189 2510 344 2581; x_wconf 78' lang='lat' dir='ltr'><strong>ordtnout</strong></span> <span class='ocrx_word' id='word_1_187' title='bbox 358 2515 546 2579; x_wconf 80' lang='lat' dir='ltr'><strong>temeritatis</strong></span> <span class='ocrx_word' id='word_1_188' title='bbox 558 2536 687 2599; x_wconf 72' lang='lat' dir='ltr'><strong>poenam</strong></span> <span class='ocrx_word' id='word_1_189' title='bbox 699 2513 797 2593; x_wconf 80' lang='lat' dir='ltr'><strong>luero,</strong></span> <span class='ocrx_word' id='word_1_190' title='bbox 811 2512 1042 2597; x_wconf 76' lang='lat' dir='ltr'><strong>Clerictnnque</strong></span> 
     </span>
     <span class='ocr_line' id='line_1_28' title="bbox 129 2596 1043 2674; baseline 0.004 -15"><span class='ocrx_word' id='word_1_191' title='bbox 129 2596 389 2668; x_wconf 64' lang='lat' dir='ltr'><strong>inordinatum</strong></span> <span class='ocrx_word' id='word_1_192' title='bbox 411 2596 496 2665; x_wconf 79' lang='lat' dir='ltr'><strong>alere</strong></span> <span class='ocrx_word' id='word_1_193' title='bbox 512 2617 669 2674; x_wconf 79' lang='lat' dir='ltr'><strong>tenentur,</strong></span> <span class='ocrx_word' id='word_1_194' title='bbox 693 2598 838 2665; x_wconf 81' lang='lat' dir='ltr'><strong>Clericus</strong></span> <span class='ocrx_word' id='word_1_195' title='bbox 848 2614 958 2667; x_wconf 75' lang='lat' dir='ltr'><strong>antem</strong></span> <span class='ocrx_word' id='word_1_196' title='bbox 976 2618 1043 2663; x_wconf 79' lang='lat' dir='ltr'><strong>nott</strong></span> 
     </span>
     <span class='ocr_line' id='line_1_29' title="bbox 127 2682 1081 2772; baseline 0.001 -26"><span class='ocrx_word' id='word_1_197' title='bbox 127 2684 171 2746; x_wconf 84' lang='lat' dir='ltr'><strong>tit</strong></span> <span class='ocrx_word' id='word_1_198' title='bbox 193 2704 381 2769; x_wconf 53' lang='lat' dir='ltr'><strong>suspensum</strong></span> <span class='ocrx_word' id='word_1_199' title='bbox 413 2687 447 2772; x_wconf 79' lang='lat' dir='ltr'><strong>u)</strong></span> <span class='ocrx_word' id='word_1_200' title='bbox 467 2688 492 2749; x_wconf 87' lang='lat' dir='ltr'><strong>si</strong></span> <span class='ocrx_word' id='word_1_201' title='bbox 514 2708 572 2772; x_wconf 88' lang='lat' dir='ltr'><strong>per</strong></span> <span class='ocrx_word' id='word_1_202' title='bbox 593 2688 734 2750; x_wconf 77' lang='lat' dir='ltr'><strong>ordinati</strong></span> <span class='ocrx_word' id='word_1_203' title='bbox 757 2686 872 2750; x_wconf 89' lang='lat' dir='ltr'><strong>dolum</strong></span> <span class='ocrx_word' id='word_1_204' title='bbox 894 2702 927 2745; x_wconf 88' lang='lat' dir='ltr'><strong>et</strong></span> <span class='ocrx_word' id='word_1_205' title='bbox 949 2682 1042 2765; x_wconf 82' lang='lat' dir='ltr'><strong>Epis·</strong></span> <span class='ocrx_word' id='word_1_206' title='bbox 1068 2736 1081 2747; x_wconf 91' lang='lat'><strong>.</strong></span> 
     </span>
     <span class='ocr_line' id='line_1_30' title="bbox 126 2765 1044 2856; baseline -0.003 -21"><span class='ocrx_word' id='word_1_207' title='bbox 126 2789 213 2853; x_wconf 82' lang='lat' dir='ltr'><strong>copo</strong></span> <span class='ocrx_word' id='word_1_208' title='bbox 235 2770 404 2853; x_wconf 78' lang='lat' dir='ltr'><strong>ignorante</strong></span> <span class='ocrx_word' id='word_1_209' title='bbox 420 2772 454 2839; x_wconf 82' lang='lat' dir='ltr'><strong>id</strong></span> <span class='ocrx_word' id='word_1_210' title='bbox 469 2772 535 2843; x_wconf 85' lang='lat' dir='ltr'><strong>stat,</strong></span> <span class='ocrx_word' id='word_1_211' title='bbox 560 2769 705 2839; x_wconf 82' lang='lat' dir='ltr'><strong>Clericus</strong></span> <span class='ocrx_word' id='word_1_212' title='bbox 716 2771 959 2856; x_wconf 72' lang='lat' dir='ltr'><strong>suspensionem</strong></span> <span class='ocrx_word' id='word_1_213' title='bbox 970 2765 1044 2832; x_wconf 76' lang='lat' dir='ltr'><strong>lette</strong></span> 
     </span>
     <span class='ocr_line' id='line_1_31' title="bbox 127 2856 1043 2939; baseline 0 -22"><span class='ocrx_word' id='word_1_214' title='bbox 127 2858 297 2919; x_wconf 74' lang='lat' dir='ltr'><strong>sententie</strong></span> <span class='ocrx_word' id='word_1_215' title='bbox 320 2856 362 2919; x_wconf 82' lang='lat' dir='ltr'><strong>ab</strong></span> <span class='ocrx_word' id='word_1_216' title='bbox 383 2859 572 2925; x_wconf 80' lang='lat' dir='ltr'><strong>executione</strong></span> <span class='ocrx_word' id='word_1_217' title='bbox 585 2857 738 2921; x_wconf 86' lang='lat' dir='ltr'><strong>ordinum</strong></span> <span class='ocrx_word' id='word_1_218' title='bbox 755 2875 796 2919; x_wconf 82' lang='lat' dir='ltr'><strong>tte</strong></span> <span class='ocrx_word' id='word_1_219' title='bbox 819 2873 1043 2939; x_wconf 69' lang='lat' dir='ltr'><strong>susceptorum</strong></span> 
     </span>
     <span class='ocr_line' id='line_1_32' title="bbox 128 2939 1043 3092; baseline -0.002 -83"><span class='ocrx_word' id='word_1_220' title='bbox 128 2939 301 3023; x_wconf 67' lang='lat' dir='ltr'><strong>incurret,</strong></span> <span class='ocrx_word' id='word_1_221' title='bbox 334 2965 394 3013; x_wconf 84' lang='lat' dir='ltr'><strong>nec</strong></span> <span class='ocrx_word' id='word_1_222' title='bbox 426 2943 470 3011; x_wconf 84' lang='lat' dir='ltr'><strong>eli</strong></span> <span class='ocrx_word' id='word_1_223' title='bbox 502 2944 544 3015; x_wconf 81' lang='lat' dir='ltr'><strong>ab</strong></span> <span class='ocrx_word' id='word_1_224' title='bbox 575 2941 739 3037; x_wconf 81' lang='lat' dir='ltr'><strong>Episcopo</strong></span> <span class='ocrx_word' id='word_1_225' title='bbox 772 2941 878 3007; x_wconf 87' lang='lat' dir='ltr'><strong>debet.</strong></span> <span class='ocrx_word' id='word_1_226' title='bbox 889 2943 958 3092; x_wconf 62' lang='lat' dir='ltr'><strong>lp).</strong></span> <span class='ocrx_word' id='word_1_227' title='bbox 1003 2942 1043 3007; x_wconf 93' lang='lat' dir='ltr'><strong>In</strong></span> 
     </span>
    </p>

    <p class='ocr_par' dir='ltr' id='par_1_6' title="bbox 918 3052 998 3095">
     <span class='ocr_line' id='line_1_33' title="bbox 918 3052 998 3095; baseline 0.025 -2"><span class='ocrx_word' id='word_1_228' title='bbox 918 3052 998 3095; x_wconf 80' lang='lat' dir='ltr'><strong>tva-</strong></span> 
     </span>
    </p>
   </div>
   <div class='ocr_carea' id='block_1_3' title="bbox 537 3192 1038 3222">
    <p class='ocr_par' dir='ltr' id='par_1_7' title="bbox 537 3192 1038 3222">
     <span class='ocr_line' id='line_1_34' title="bbox 537 3192 1038 3222; baseline -0.004 -7"><span class='ocrx_word' id='word_1_229' title='bbox 537 3192 1038 3222; x_wconf 57' lang='lat' dir='ltr'><strong>*uu-anm</strong></span> 
     </span>
    </p>
   </div>
   <div class='ocr_carea' id='block_1_4' title="bbox 86 3286 1044 3835">
    <p class='ocr_par' dir='ltr' id='par_1_8' title="bbox 86 3286 702 3373">
     <span class='ocr_line' id='line_1_35' title="bbox 86 3286 702 3373; baseline 0.006 -22"><span class='ocrx_word' id='word_1_230' title='bbox 86 3294 135 3373; x_wconf 83' lang='lat' dir='ltr'><strong>(e)</strong></span> <span class='ocrx_word' id='word_1_231' title='bbox 158 3286 256 3363; x_wconf 70' lang='lat' dir='ltr'><strong>Tpid.</strong></span> <span class='ocrx_word' id='word_1_232' title='bbox 278 3310 351 3352; x_wconf 80' lang='lat' dir='ltr'><strong>test.</strong></span> <span class='ocrx_word' id='word_1_233' title='bbox 377 3310 428 3363; x_wconf 80' lang='lat'><strong>21,</strong></span> <span class='ocrx_word' id='word_1_234' title='bbox 453 3312 481 3364; x_wconf 82' lang='lat' dir='ltr'><strong>c.</strong></span> <span class='ocrx_word' id='word_1_235' title='bbox 507 3289 548 3363; x_wconf 86' lang='lat' dir='ltr'><strong>de</strong></span> <span class='ocrx_word' id='word_1_236' title='bbox 569 3290 702 3357; x_wconf 80' lang='lat' dir='ltr'><strong>reform.</strong></span> 
     </span>
    </p>

    <p class='ocr_par' dir='ltr' id='par_1_9' title="bbox 88 3372 362 3452">
     <span class='ocr_line' id='line_1_36' title="bbox 88 3372 362 3452; baseline 0.007 -16"><span class='ocrx_word' id='word_1_237' title='bbox 88 3378 135 3452; x_wconf 75' lang='lat' dir='ltr'><strong>tt)</strong></span> <span class='ocrx_word' id='word_1_238' title='bbox 157 3372 257 3447; x_wconf 77' lang='lat' dir='ltr'><strong>Trid.</strong></span> <span class='ocrx_word' id='word_1_239' title='bbox 280 3374 362 3441; x_wconf 82' lang='lat' dir='ltr'><strong>ibid.</strong></span> 
     </span>
    </p>

    <p class='ocr_par' dir='ltr' id='par_1_10' title="bbox 90 3457 794 3547">
     <span class='ocr_line' id='line_1_37' title="bbox 90 3457 794 3547; baseline 0.007 -25"><span class='ocrx_word' id='word_1_240' title='bbox 90 3462 140 3544; x_wconf 86' lang='lat' dir='ltr'><strong>(g)</strong></span> <span class='ocrx_word' id='word_1_241' title='bbox 164 3457 202 3523; x_wconf 88' lang='lat' dir='ltr'><strong>C.</strong></span> <span class='ocrx_word' id='word_1_242' title='bbox 232 3481 245 3521; x_wconf 90' lang='lat'>1</span> <span class='ocrx_word' id='word_1_243' title='bbox 271 3476 304 3528; x_wconf 88' lang='lat' dir='ltr'><strong>et</strong></span> <span class='ocrx_word' id='word_1_244' title='bbox 327 3483 356 3531; x_wconf 77' lang='lat' dir='ltr'><strong>t·</strong></span> <span class='ocrx_word' id='word_1_245' title='bbox 381 3459 456 3529; x_wconf 81' lang='lat' dir='ltr'><strong>dist.</strong></span> <span class='ocrx_word' id='word_1_246' title='bbox 486 3483 539 3547; x_wconf 91' lang='lat' dir='ltr'><strong>7o.</strong></span> <span class='ocrx_word' id='word_1_247' title='bbox 791 3496 794 3501; x_wconf 91' lang='lat'>·</span> 
     </span>
    </p>

    <p class='ocr_par' dir='ltr' id='par_1_11' title="bbox 88 3542 1041 3637">
     <span class='ocr_line' id='line_1_38' title="bbox 88 3542 1041 3631; baseline 0 -22"><span class='ocrx_word' id='word_1_248' title='bbox 88 3544 146 3629; x_wconf 79' lang='lat' dir='ltr'><strong>(h)</strong></span> <span class='ocrx_word' id='word_1_249' title='bbox 175 3542 213 3609; x_wconf 86' lang='lat' dir='ltr'><strong>C.</strong></span> <span class='ocrx_word' id='word_1_250' title='bbox 235 3562 259 3627; x_wconf 69' lang='grc'>4</span> <span class='ocrx_word' id='word_1_251' title='bbox 280 3561 311 3611; x_wconf 89' lang='lat' dir='ltr'><strong>et</strong></span> <span class='ocrx_word' id='word_1_252' title='bbox 337 3545 376 3615; x_wconf 77' lang='lat'><strong>1&#39;6</strong></span> <span class='ocrx_word' id='word_1_253' title='bbox 398 3545 438 3611; x_wconf 91' lang='lat' dir='ltr'><strong>de</strong></span> <span class='ocrx_word' id='word_1_254' title='bbox 461 3546 561 3631; x_wconf 84' lang='lat' dir='ltr'><strong>preb.</strong></span> <span class='ocrx_word' id='word_1_255' title='bbox 585 3571 611 3612; x_wconf 88' lang='lat' dir='ltr'><strong>o.</strong></span> <span class='ocrx_word' id='word_1_256' title='bbox 631 3546 721 3615; x_wconf 83' lang='lat' dir='ltr'><strong>13de</strong></span> <span class='ocrx_word' id='word_1_257' title='bbox 732 3563 783 3615; x_wconf 75' lang='lat' dir='ltr'><strong>et.</strong></span> <span class='ocrx_word' id='word_1_258' title='bbox 796 3564 829 3615; x_wconf 91' lang='lat' dir='ltr'><strong>et</strong></span> <span class='ocrx_word' id='word_1_259' title='bbox 865 3544 956 3620; x_wconf 81' lang='lat' dir='ltr'><strong>uulit.</strong></span> <span class='ocrx_word' id='word_1_260' title='bbox 970 3546 1041 3615; x_wconf 75' lang='lat' dir='ltr'><strong>ord,</strong></span> 
     </span>
    </p>

    <p class='ocr_par' dir='ltr' id='par_1_12' title="bbox 88 3628 1044 3835">
     <span class='ocr_line' id='line_1_39' title="bbox 88 3628 1044 3725; baseline 0.01 -33"><span class='ocrx_word' id='word_1_261' title='bbox 88 3632 131 3725; x_wconf 69' lang='lat' dir='ltr'><strong>(i)</strong></span> <span class='ocrx_word' id='word_1_262' title='bbox 162 3628 238 3695; x_wconf 79' lang='lat' dir='ltr'><strong>tid.</strong></span> <span class='ocrx_word' id='word_1_263' title='bbox 270 3629 411 3697; x_wconf 86' lang='lat' dir='ltr'><strong>Decreto</strong></span> <span class='ocrx_word' id='word_1_264' title='bbox 441 3630 597 3718; x_wconf 80' lang='lat' dir='ltr'><strong>Congrcg.</strong></span> <span class='ocrx_word' id='word_1_265' title='bbox 621 3632 747 3707; x_wconf 86' lang='lat' dir='ltr'><strong>Concil,</strong></span> <span class='ocrx_word' id='word_1_266' title='bbox 773 3656 824 3723; x_wconf 80' lang='lat'><strong>27.</strong></span> <span class='ocrx_word' id='word_1_267' title='bbox 882 3658 934 3703; x_wconf 82' lang='lat' dir='ltr'><strong>ot.</strong></span> <span class='ocrx_word' id='word_1_268' title='bbox 963 3634 1044 3703; x_wconf 78' lang='lat'><em>16¹0</em></span> 
     </span>
     <span class='ocr_line' id='line_1_40' title="bbox 130 3716 720 3835; baseline -0.01 -40"><span class='ocrx_word' id='word_1_269' title='bbox 130 3716 226 3795; x_wconf 81' lang='lat' dir='ltr'><strong>ttltt.</strong></span> <span class='ocrx_word' id='word_1_270' title='bbox 249 3716 330 3800; x_wconf 80' lang='lat' dir='ltr'><strong>Iott.</strong></span> <span class='ocrx_word' id='word_1_271' title='bbox 357 3718 407 3792; x_wconf 80' lang='lat'><strong>16.</strong></span> <span class='ocrx_word' id='word_1_272' title='bbox 431 3716 596 3835; x_wconf 58' lang='lat' dir='ltr'><strong>Beupdict,</strong></span> <span class='ocrx_word' id='word_1_273' title='bbox 621 3720 720 3804; x_wconf 76' lang='lat' dir='ltr'><strong>xlv,</strong></span> 
     </span>
    </p>
   </div>
   <div class='ocr_carea' id='block_1_5' title="bbox 0 0 1179 4094">
    <p class='ocr_par' dir='ltr' id='par_1_13' title="bbox 0 0 1179 4094">
     <span class='ocr_line' id='line_1_41' title="bbox 0 0 1179 4094; baseline 0 0"><span class='ocrx_word' id='word_1_274' title='bbox 0 0 1179 4094; x_wconf 95' lang='lat' dir='ltr'><strong> </strong></span> 
     </span>
    </p>
   </div>
  </div>
 </body>
</html>
