2340 4094
914 190 923 225 l

207 184 285 298 cop.
310 218 339 277 1.
384 208 599 276 DePersonis
618 210 852 285 translaticia
985 208 1026 277 15

108 343 170 415 alit
192 317 410 433 antiquissimi
441 345 476 410 id
503 368 603 430 genua
632 344 872 412 ordinationem
892 367 1049 433 prorsus·

106 431 239 519 (quoad
262 433 454 497 exercitium
476 437 611 516 nempe)
632 433 791 511 intimam
809 436 1025 520 pronuntiant
1072 432 1076 439 ’

114 520 170 603 (e)
203 517 287 582 Item
320 521 357 603 ὅ)
379 517 521 583 Clericos
543 515 623 581 alibi
645 517 809 582 ordinatos
831 519 872 582 ad
894 518 1024 584 ordinet

108 603 253 683 maiores
274 604 475 688 provehere,
512 604 593 689 quin
623 588 675 667 vel
706 602 748 667 ed
768 604 937 669 servitium
957 627 1025 671 sure

71 754 77 765 ,
107 687 255 756 eeclesia
284 691 386 756 invito
417 689 553 778 proprio
575 687 738 776 Episcopo
759 690 919 776 suscipere
940 713 1025 778 saepe

79 796 187 840 ”oum
211 772 425 841 anathematis
460 775 712 840 comminatione
734 772 940 859 prohibitum
962 793 1024 853 est.
1080 850 1084 857 ,

109 860 157 948 (f)
179 860 230 930 Cf.
255 860 450 928 Thomassin
473 861 510 924 P.
536 883 554 923 a
577 884 605 927 e.
631 881 646 920 t
671 854 763 947 seqq.
834 894 838 901 ·

67 943 117 1032 ''')
140 948 249 1013 Porro
276 956 310 1033 t)
332 949 364 1011 vi
387 944 567 1032 disciplinae
589 944 782 1033 antiquioris
805 946 831 1010 it
856 946 923 1011 fare
940 972 1025 1037 pro·-

106 1034 201 1117 prius
216 1034 428 1099 ordinationis
442 1034 614 1120 Episcopus
629 1030 830 1110 censebatur,
854 1036 912 1120 qui
925 1059 1025 1122 quen.

107 1143 214 1207 quam
234 1122 309 1185 satis
331 1116 448 1186 notum
471 1136 528 1183 eut
548 1117 738 1202 probatum,
760 1117 848 1183 unde
870 1135 961 1185 ortus
978 1149 1025 1190 es.

106 1221 184 1289 set,
219 1202 359 1271 ecelesiae
391 1229 456 1274 tuae
488 1203 620 1267 servitio
652 1199 806 1270 volebant
827 1203 1024 1278 adscribere.

105 1289 245 1358 Titulus
275 1311 386 1357 autem
417 1290 571 1357 domicilii
600 1311 698 1369 raro,
732 1286 847 1354 titulus
883 1292 1027 1385 benfficii

107 1399 282 1466 nunquam
305 1380 471 1456 occurrit3
494 1394 565 1443 tum
583 1373 672 1462 quod
694 1373 890 1442 beneficium
912 1399 1025 1449 nostro
1063 1416 1067 1422 ·

107 1485 208 1528 sensu
226 1481 396 1551 acceptum
418 1460 498 1531 olim
521 1461 741 1545 ignorabatur,
765 1461 898 1552 ipseque
912 1467 947 1533 iu
963 1466 1026 1537 cle-

98 1566 186 1617 'rnm
210 1549 386 1637 adscriptio
406 1547 557 1615 beneficii
580 1545 653 1611 loco
675 1564 767 1629 erat3
790 1555 841 1635 (ᾗ.
859 1555 930 1641 98.)
952 1571 1025 1623 tum

106 1635 204 1724 quod
225 1632 403 1721 absolutae,
426 1658 486 1700 neo
509 1634 550 1700 atl
572 1651 666 1700 certae
688 1636 859 1720 eujusdam
880 1636 1031 1709 ecelesiis

105 1720 393 1789 servitium'iaetae
414 1721 633 1788 ordinationes
655 1739 758 1788 estem
778 1724 964 1810 prohibitae.
990 1735 1027 1818 a)

107 1806 183 1873 See
209 1808 278 1874 XII
301 1806 433 1876 finiente
456 1807 606 1875 Clemens
626 1807 685 1873 Ill.
707 1812 760 1894 (g)
781 1811 905 1895 primus
925 1813 1028 1881 bene·

106 1892 178 1958 ficii
202 1910 235 1960 et
256 1895 390 1980 originis
412 1893 547 1961 titulum
569 1895 699 1982 probet.
744 1892 779 1979 3)
815 1894 888 1970 See.
923 1898 1023 1971 XIII.

105 1979 297 2057 Bonifatius
320 1981 412 2054 VIII.
444 1982 500 2070 (h)
534 1979 667 2047 titulum
697 1979 849 2045 domicilii
876 1986 1024 2073 profert,

105 2088 168 2131 seu
190 2082 359 2146 restaurat.
383 2068 442 2134 His
464 2075 501 2160 4)
520 2067 713 2131 Tridentino
737 2066 887 2155 synodus
908 2074 953 2157 (i)
975 2078 1025 2139 ti·
1140 2080 1152 2095 ⁴

105 2148 221 2219 tulum
244 2155 410 2220 triennalis
423 2154 669 2243 familiaritatis
689 2153 818 2237 adjecit.
864 2155 960 2221 Unde
982 2184 1024 2227 ex

100 2238 268 2305 hodierna
291 2238 462 2339 discipline
483 2239 697 2305 ordinationis
716 2240 864 2329 prqarias
886 2245 1027 2329 Episco-
1054 2294 1057 2309 .

105 2350 168 2414 pas
191 2344 238 2390 est
261 2333 288 2390 1.
312 2341 437 2392 rotrone
461 2326 593 2412 originis
615 2323 688 2403 ille,
721 2329 756 2391 in
777 2330 871 2409 eujus
892 2328 1025 2398 dioeoeai
1062 2363 1065 2367 ·

85 2430 272 2563 'pqreuteq
289 2412 369 2476 dum
381 2413 580 2478 ordinandus
591 2413 793 2495 nascebatur,
817 2414 1024 2484 domicilium

70 2528 74 2533 ·
155 2499 269 2568 buere.
303 2497 545 2584 Siquisautem
565 2521 642 2564 casu
662 2497 728 2563 fors
750 2519 841 2563 extra
863 2500 1025 2568 domicilii

105 2586 240 2673 paterni
263 2582 374 2648 locum
384 2602 463 2650 esset
475 2603 568 2649 natus
581 2632 590 2661 ‚
607 2607 644 2646 oo
655 2607 729 2650 casu
740 2586 920 2650 nullatenus
933 2588 1024 2674 ‘ejas-

108 2671 348 2760 modifortaita
357 2672 521 2752 nativitas,
532 2672 588 2735 sed
598 2685 854 2737 oeratontamet
864 2677 1024 2740 naturalis

370 2772 373 2777 '
874 2772 979 2845 patris
1091 2796 1095 2820 ι,

69 2933 1022 2966 *mmm-⁸¹¹¹·-

69 3018 120 3099 (e)
144 3011 188 3085 Εζ
209 3037 242 3098 g.
268 3014 348 3078 Can.
377 3015 415 3077 13
438 3032 470 3079 et
492 3037 531 3076 22
555 3011 685 3086 Concil.
708 3008 861 3077 Antioch.
887 3014 929 3082 A.
945 3008 1021 3091 341.

104 3117 173 3173 ete.
212 3122 245 3170 a.
280 3099 381 3165 Cone.
416 3101 525 3186 Cptni
562 3100 591 3172 l.
623 3099 664 3163 A.
696 3095 771 3162 331.
795 3097 860 3162 vid.
883 3100 1023 3182 gratian.

103 3207 215 3260 eausa.
239 3211 260 3274 9
282 3210 316 3274 q.
342 3209 373 3251 a.
396 3209 426 3250 e.
451 3189 480 3251 6.
501 3208 591 3284 seqq.

69 3270 110 3355 sl)
136 3271 216 3334 Vid.
241 3273 328 3356 apud
350 3273 487 3356 gratian.
509 3269 658 3355 Dut.'71
684 3291 714 3342 c.
742 3288 754 3330 r
779 3291 868 3359 seqq.

69 3360 118 3447 lg)
140 3356 369 3423 Verosimilius
392 3357 541 3427 Clemens
562 3355 612 3421 ΙΙΙ
633 3378 700 3420 non
721 3355 778 3420 lv.
791 3379 820 3423 c.
838 3382 849 3419 1
869 3355 910 3422 de
921 3371 1022 3444 temp.

104 3443 289 3509 ordi-nand.
313 3446 347 3507 in
370 3445 389 3509 6
413 3466 489 3508 nam
511 3440 652 3508 refertur
671 3440 713 3507 ad
734 3445 763 3511 A
803 3465 897 3532 ¹¹9⁰·

69 3520 119 3616 Ii)
145 3528 187 3594 C.
212 3528 233 3590 3
254 3530 296 3592 de
316 3546 416 3617 temp.
440 3528 514 3602 ord.
537 3530 572 3594 iu
587 3529 628 3603 -6,
672 3527 723 3593 CI.
748 3528 957 3606 Themessin.
979 3528 1020 3594 P.

97 3616 152 3688 ΙΙ.
180 3613 224 3687 [ι.
251 3624 264 3679 t
290 3620 320 3688 e.
348 3638 361 3678 1
386 3638 477 3705 seqq.

69 3704 99 3795 i)
126 3700 230 3777 Trid
251 3723 327 3780 ress.
350 3703 393 3782 εὖ
414 3726 442 3773 c·
467 3727 486 3795 9
509 3697 549 3773 de
570 3697 704 3768 reform.
754 3754 758 3761 .
