2340 4094
33 230 36 239 ι
78 272 143 320 ists
165 260 248 355 Sere.
271 253 304 325 I.
327 256 376 319 De
398 250 551 319 Personis
572 265 604 317 st
626 252 792 345 Beneficiis
815 252 1051 331 ecelesiasticis,

163 385 351 470 micardis,
373 401 431 452 sut
451 386 607 471 religione
627 384 755 451 motum
787 387 928 468 adjicere
955 391 1073 453 condi·

167 474 304 559 tionem,
336 487 377 559 nt
395 471 550 537 fratribus
572 473 654 546 tuis,
682 473 902 559 pauperibus,
932 472 1073 540 ecciesiae

167 558 340 647 quotannis
361 572 480 625 certam
502 579 543 621 ex
569 581 606 622 es
628 560 736 642 ejusve
757 559 969 647 proventibus
1014 583 1075 623 sr-

165 658 234 709 tem
256 642 398 708 ethnan
430 643 507 731 quia
524 640 737 706 nibilominus
754 640 797 706 ad
820 643 904 708 bano
925 581 1073 733 impien-

166 726 243 793 dam
265 728 484 794 conditionem
505 727 642 793 Petrum
664 746 704 793 ex
731 729 851 793 ‘ustitia
873 730 1075 795 teneri'ausit

165 813 333 881 inficiari?
368 815 403 899 s)
434 813 484 879 Ne
509 835 550 877 ue
570 814 669 880 etiam
739 815 876 878 nonium
896 812 1075 879 Tridenti-

160 920 258 978 num,
278 898 335 984 (b)
357 921 460 988 quum
482 834 563 964 dicit
582 899 776 972 residentem
787 900 823 963 in
835 898 984 964 beneficii
998 898 1073 966 loco

165 980 293 1050 fruetus
313 984 417 1051 facere
438 1008 533 1065 suns,
564 982 750 1049 absolutum
770 983 939 1067 fruetuum·
960 986 1074 1051 domi-

165 1071 263 1135 nium
292 1066 486 1136 beneficiato
518 1067 651 1135 addicit.
699 1060 894 1135 'Benefioisti
911 1071 1012 1136 ‘enim
1034 1095 1074 1136 eo

169 1154 329 1223 duntaiat
349 1177 443 1222 sensu
465 1154 589 1221 fructus
607 1153 732 1221 faciunt
753 1178 837 1234 suos,
859 1155 950 1243 quod
970 1158 1010 1221 iis
1032 1157 1075 1222 sd

166 1262 260 1307 auam
280 1241 547 1306 sustentationem
568 1239 670 1304 libere
697 1242 746 1305 nti
768 1241 908 1326 possint,
938 1242 1018 1328 qui,
1046 1243 1076 1307 si

114 1362 123 1387 ι
166 1348 233 1391 non
254 1323 452 1409 residerent,
474 1348 515 1392 ex
536 1325 820 1413 patrimonialibus
841 1325 996 1392 deberent
1018 1328 1075 1390 vi-

165 1433 253 1478 vere·
275 1408 475 1477 Absolutum
495 1410 603 1476 autem
631 1411 799 1478 fruetuum
820 1410 939 1476 horum
961 1413 1076 1476 donti-

166 1496 262 1559 ninm
282 1493 450 1561 manifeste
471 1496 578 1579 reiicit
600 1495 688 1561 idem
699 1493 895 1577 Concilium,
919 1500 971 1582 (o)
992 1497 1074 1562 dum

37 1652 41 1667 Ι
168 1578 296 1667 oieriott
317 1602 464 1667 expresse
493 1581 701 1669 graviterque
730 1594 815 1648 vetat
836 1604 876 1647 ex
899 1582 937 1645 iis
959 1584 1075 1662 bonis,

36 1676 39 1683 '
216 1688 242 1730 e
261 1690 311 1733 ras
333 1667 396 1733 Dei
414 1683 499 1745 sunt,
519 1667 772 1751 consanguineos
792 1665 906 1735 ditare.
929 1664 1075 1732 Demum

55 1828 64 1843 f
167 1686 300 1833 geni
328 1753 401 1839 qais
436 1747 570 1818 elericos
601 1750 765 1841 bonorum
786 1750 1076 1818 ecclesiasticorum

73 1839 76 1846 '
169 1836 313 1902 &nunes
334 1838 474 1916 dixerit,
505 1834 594 1902 haud
618 1853 725 1903 tamen
741 1837 916 1925 sequitur,
946 1861 999 1901 eos
1031 1840 1074 1902 ab

167 1919 369 2006 obligatione
388 1923 519 2007 justitie
540 1918 681 2000 exsolvi3
702 1921 978 2013 quemadmodum
999 1945 1075 1988 sane

172 2030 234 2071 nec
256 2006 381 2087 haeres,
404 2028 592 2094 quanquam
612 2009 710 2072 totins
732 2006 927 2093 baereditatis
947 2009 988 2072 sit
1009 2008 1075 2071 do-

170 2091 292 2175 minus,
314 2113 333 2156 a
353 2092 483 2175 justitie
503 2088 572 2156 obli
614 2094 702 2159 tione
715 2089 816 2178 legata
828 2092 1006 2178 haereditati
1017 2094 1076 2157 im·
1119 2096 1124 2101 ’

165 2176 273 2267 potita
293 2191 351 2244 sut
373 2174 518 2245 defuncti
538 2178 561 2243 d
603 2177 648 2246 its
661 2175 808 2268 solvendi
821 2179 974 2244 immunis
989 2195 1075 2244 est...

388 2398 391 2403 ’
512 2391 541 2473 5·
568 2396 649 2475 579·

105 2462 110 2471 ’
133 2464 264 2568 'Atque
288 2491 335 2545 ex
350 2468 501 2570 hn‘jam
519 2475 731 2574 colligimus
750 2475 789 2566 1)
807 2466 972 2545 Cierioos
990 2465 1075 2564 jure

84 2566 250 2641 nanrali
265 2565 510 2669 hypothetico
525 2569 574 2643 od
590 2570 783 2668 superflua
799 2568 837 2641 in
858 2567 940 2664 pias
962 2588 1076 2638 saua-

86 2682 145 2763 sss
166 2664 412 2762 expendenda
434 2666 606 2764 obligari,
635 2675 670 2763 ¹¹)
688 2671 729 2749 a)
744 2664 859 2765 proin
883 2687 1006 2760 neque
1021 2662 1079 2733 in·

87 2769 146 2833 ter
167 2760 277 2837 vivos
297 2789 419 2865 neque
439 2764 571 2837 mortis
593 2788 720 2838 caussa
738 2764 792 2845 ,ds
812 2760 871 2836 his
895 2759 1005 2833 bouis
1027 2758 1077 2831 ad

87 2880 233 2931 oaussas
248 2886 351 2953 mere
367 2860 544 2960 profanas
562 2885 671 2958 posse
681 2861 778 2959 juste
794 2857 1007 2957 disponere,
1022 2862 1077 2941 ¹¹)

86 2965 201 3051 atque
224 2960 256 3029 si
280 2957 556 3057 disposuerint,
592 2965 633 3056 3)
677 2957 816 3032 virtute
840 2953 994 3054 justitiae
1029 2979 1078 3026 ex

86 3049 193 3142 aliis,
229 3053 261 3126 si
285 3080 377 3154 ques
397 3054 583 3144 habeant,
608 3055 670 3131 vel
694 3054 814 3151 siquae
836 3052 990 3152 parcius
1016 3051 1079 3123 vi-

87 3151 213 3224 vendo
238 3152 311 3227 sibi
335 3152 556 3227 subtrahere
580 3163 760 3250 possunt,
785 3149 895 3224 bonis
912 3148 961 3222 ad
976 3147 1080 3223 resti·

87 3246 272 3323 tutionem
297 3250 436 3325 teneri:
470 3257 512 3346 4)
537 3251 694 3337 eandem
720 3247 963 3321 restitutionis
988 3245 1082 3318 obii·

88 3344 276 3445 gatiouem
299 3347 519 3423 incumbere
544 3347 657 3421 etiam
680 3346 778 3437 illis,
807 3346 857 3417 sd
881 3369 977 3443 quos
1001 3343 1082 3417 bo-

980 3466 1031 3515 na

39 3691 42 3695 .
122 3642 187 3718 (b)
208 3640 300 3727 Trid.
325 3628 416 3704 sen..
432 3641 571 3707 XX.·o.
599 3661 637 3703 aa
660 3638 702 3705 ds
722 3639 858 3705 reform.-

54 3758 58 3765 ’
99 3720 165 3803 (0)
184 3721 340 3791 Tridmt
362 3722 450 3795 Sese.
474 3724 596 3800 XXV·
620 3746 654 3796 o.
679 3746 693 3792 1
719 3722 940 3795 teretem..
