2340 4094
10 39 357 159 ι
753 40 881 90 -.

137 148 270 293 χὶβαρ.
293 210 345 271 11.
389 208 440 270 Dc
459 147 538 289 locis
558 162 679 285 sactis,
701 209 734 266 et
754 201 940 311 religiosis*
990 202 1055 272 355

58 345 119 439 (u)
132 340 327 440 Siquidem
344 349 469 413 tamen
487 345 528 435 2)
545 364 675 414 rernm
687 340 869 436 adjuncta
877 341 952 416 sint
962 341 1058 441 ejus=
1086 370 1120 407 νι-

29 497 33 514 .
56 441 178 533 modi,
206 447 249 511 ut
273 438 454 537 jus.asyli
478 437 608 512 autin
632 438 645 508 i
674 439 749 512 sius
775 434 964 533 eeclesiae,
991 448 1079 517 aue

20 546 22 553 ⁴
56 540 97 611 in
138 536 365 635 reipublicae
398 544 520 634 ‘grave
560 466 836 636 publicumque
874 539 1057 614 damnum

10 698 12 703 .
57 636 234 719 cederet;
260 659 305 705 eo
330 634 369 706 in
387 659 476 725 casu
490 644 572 709 lum
590 635 638 708 ab
657 635 824 726 ecclesia,
848 644 929 711 lum
943 638 1059 714 eliam
1073 698 1085 731 ·.

58 762 82 809 a
106 730 375 832 principibus,
401 732 470 832 qui
503 733 553 806 ad
577 732 647 807 hos
671 758 777 806 casus
802 758 869 808 sue
892 736 1058 833 privile-

58 835 122 932 gia
145 859 215 905 nec
241 829 420 932 voluisse,
447 831 566 905 immo
591 857 661 904 neo
686 831 853 928 potuisse
877 835 1059 907 extendo-

23 992 27 1001 .
59 957 103 1005 re
128 929 308 1021 credendi
332 928 446 1020 sunt',
484 931 543 1024 jus
578 929 679 1003 istud
703 931 819 1005 variis
843 931 966 1006 modis
991 957 1060 1006 re-¹

60 1033 219 1127 εῐνὶηρςνὶι
245 1027 362 1099 immo
388 1027 419 1100 si
444 1026 520 1101 alio
546 1028 663 1102 modo
681 1028 880 1111 eeclesiae.
907 1055 953 1105 uo
976 1029 1060 1103 rei-

58 1128 228 1226 publicae
251 1125 354 1197 bono
380 1124 526 1200 consuli
550 1152 627 1198 non
653 1137 802 1225 posset,
839 1127 923 1201 tolli
946 1124 1060 1202 etiam

59 1250 197 1324 posse,
226 1248 358 1322 aequus
381 1227 494 1296 nemo
520 1221 666 1297 inficias
690 1224 813 1314 iverit.
837 1229 895 1322 (x)

103 1344 134 1431 *J
154 1341 198 1409 Et
219 1334 296 1408 vero
317 1339 444 1406 sublata
465 1342 662 1425 poenitentia
674 1339 814 1429 publicae
824 1344 1005 1428 severitate,
1028 1359 1062 1411 et
1099 1350 1101 1354 ’

145 1450 299 1517 processu
322 1423 487 1491 criminali
497 1428 531 1491 in
541 1427 691 1493 ordinem
705 1432 901 1500 curatiorem
916 1431 1062 1511 redacto,

66 1516 85 1563 0
147 1537 252 1602 qaum
274 1517 309 1594 a)
331 1514 440 1577 minor
461 1513 496 1577 in
518 1515 582 1578 reis
606 1513 757 1600 affulgeat
783 1516 1007 1583 satisfactionis
1028 1533 1062 1583 et
1081 1564 1085 1577 .
1157 1588 1159 1595 ,

148 1599 383 1666 emendationis
404 1619 487 1684 spes,
510 1601 619 1664 minus
641 1601 771 1688 iniquae
783 1603 1000 1689 oppressionis
1018 1605 1062 1669 sit
1156 1671 1160 1677 ,

145 1683 353 1775 periculum,
376 1686 428 1769 jus
441 1681 525 1775 asyli¹
540 1707 607 1748 non
628 1701 777 1771 tantum5
798 1711 836 1752 ae
848 1685 941 1772 olim,
963 1687 1062 1753 savo-

147 1796 218 1837 rem
237 1770 370 1836 'videtur
392 1771 521 1834 mereri.
556 1769 759 1845 Undezmale
781 1772 930 1856 faciunt,
953 1774 1063 1859 inquit

148 1856 197 1922 Cl.
215 1853 359 1935 BartheL
381 1858 435 1943 (y)
461 1853 512 1921 illi
532 1851 714 1941 Theologi‚
736 1859 795 1947 qui
808 1857 934 1943 hocius
946 1857 1063 1927 volunt

29 1978 40 1990 ν
147 1945 288 2025 nimium
310 1943 493 2025 extendere,
518 1957 550 2008 et
571 1944 616 2006 in·
627 1942 729 2007 dubio
741 1967 870 2033 semper
890 1968 951 2032 pro
962 1944 1064 2011 favo-

146 2054 184 2096 re
201 2027 284 2118 asyli
297 2026 513 2107 concludere3
531 2051 641 2115 ¹quum
658 2031 766 2116 potius
781 2053 842 2117 pro
857 2029 967 2112 favore
981 2031 1063 2119 lsoni

17 2152 19 2161 ‹
58 2146 71 2169 κ
147 2115 274 2204 publici
295 2113 459 2193 standum,
481 2130 513 2178 et
534 2113 598 2180 hoc
619 2117 670 2201 jus
691 2117 833 2203 strictius
854 2134 935 2184 esset
956 2118 1064 2184 inter·
1107 2126 1118 2161 ²

148 2200 357 2290 pretendunt.
380 2198 424 2264 Et
444 2210 520 2265 sane
543 2217 610 2266 tam
631 2201 750 2268 honori
771 2201 998 2286 ecelesiarum,
1029 2219 1065 2270 et

146 2282 317 2374 utriusque
338 2287 528 2371 reipublicae
542 2289 727 2371 commodo,
747 2313 851 2376 quam
862 2313 994 2356 reorum
1015 2315 1064 2355 sa·
1138 2312 1140 2317 ’

151 2373 214 2440 luti
237 2387 321 2439 mate
343 2369 528 2454 consulunt,
551 2373 1064 2461 immoderatoqueferunturZe-

80 2513 81 2516 η
149 2448 197 2542 ld,
219 2463 276 2549 qui
291 2457 465 2541 flagitiosos
477 2482 624 2548 quosque
644 2461 686 2525 ad
708 2458 875 2526 ecclesiam
897 2461 1066 2546 confugas,

150 2549 249 2613 etiam
271 2548 342 2628 jure
365 2541 444 2630 asyli
467 2568 533 2609 nou
554 2545 750 2629 gaudentes,
786 2547 855 2620 sine
877 2546 1064 2612 discrimine

98 2700 101 2707 ,
152 2635 328 2718 recipiunt,
350 2628 489 2695 sollicite
499 2629 676 2716 occultant,
690 2647 746 2697 aut
758 2633 853 2697 variis
864 2633 989 2698 artibus
997 2636 1065 2733 jus·
1125 2690 1128 2697 .

151 2721 231 2784 titiae
245 2716 385 2804 publicas
396 2717 604 2800 subducunt,
626 2735 724 2805 atque
743 2718 897 2806 pessimos
914 2716 1066 2796 homines

150 2803 243 2869 nulla
252 2878 255 2882 ¹
265 2801 305 2867 de
318 2805 519 2888 poenitentia,
542 2818 599 2867 aut
610 2803 834 2868 emendatione
846 2825 961 2867 eorum
973 2802 1074 2879 habi-x
1162 2836 1165 2843 ·

152 2908 182 2954 ta
201 2909 279 2956 cura
294 2884 396 2952 veluti
415 2888 536 2954 feroces
554 2885 649 2975 lupos
663 2891 697 2954 in
708 2889 887 2975 perniciem
907 2887 1068 2976 reipubli-

151 2998 198 3042 cae
220 2974 402 3039 dimittunt.
421 3059 423 3063 Ι
450 2974 563 3065 Quam
583 2993 835 3062 praeposteram,
857 2992 890 3042 et
910 2976 953 3042 ab
974 2977 1066 3041 anti·
1119 2977 1122 2982 ’
1145 3012 1155 3020 «

264 3065 268 3079 “
487 3098 491 3103 ,
531 3061 652 3126 *Za
871 3144 877 3149 ῃ
949 3060 1042 3152 qnae'

508 3154 511 3165 ¹
544 3185 546 3189 ,
625 3186 628 3195 ,
945 3176 962 3193 ,.

110 3252 166 3336 (u)
197 3251 272 3316 Vid.
295 3251 325 3315 J.
356 3249 443 3315 Phil.
467 3245 565 3315 Hahn
588 3250 673 3320 Dies.
696 3254 738 3317 de
759 3254 895 3339 ancipiti
915 3253 954 3321 in
971 3255 1067 3318 terris

156 3334 208 3402 vel
231 3340 321 3403 civit.
345 3339 448 3402 mixte
469 3335 647 3423 Religionis
669 3336 846 3427 Asylorum
866 3337 946 3406 June
970 3337 1011 3408 P.
1033 3338 1067 3405 1.

128 3440 131 3453 ¹
156 3445 188 3487 c:
210 3447 237 3486 a.
264 3427 296 3502 3.
322 3449 353 3512 9.
377 3423 536 3490 Thesaur.
559 3424 589 3488 J.
612 3423 653 3490 E.
670 3442 753 3501 tom.
765 3424 805 3491 V.
820 3447 892 3514 pag.
904 3424 983 3508 438,
993 3447 1066 3513 sqq.
1136 3444 1138 3449 ’

112 3515 168 3593 (x)
187 3509 289 3573 flahn
310 3515 365 3584 cit.
390 3509 460 3576 Dis.
483 3509 523 3576 L.
547 3511 603 3575 cit.
628 3512 742 3594 §.fian

115 3599 178 3745 (γὲ
193 3598 314 3702 dunat.
339 3601 375 3664 in
394 3598 426 3666 J.
449 3619 522 3664 can.
545 3596 584 3665 P.
606 3594 711 3686 Engel
730 3595 771 3668 L.
792 3591 826 3668 5.
848 3598 899 3667 tit.
918 3615 972 3689 49·
989 3616 1067 3720 με’·
1122 3614 1133 3643 ·‘

179 3703 233 3749 oo.
454 3712 467 3722 ··
519 3716 521 3725 =
600 3728 602 3735 .
662 3736 665 3753 ἱ
827 3705 836 3744 i
1136 3734 1139 3749 .
