2340 4094
50 50 56 201 l

238 214 317 297 nep.
342 216 373 280 1.
415 214 465 275 Dc
486 208 637 275 Rersonic
657 208 887 285 ecclesiacticis.
1012 212 1053 280 35

148 340 256 407 ductia
277 354 446 428 perpetuo,
467 340 523 407 red
544 338 651 407 colum
673 358 835 430 tempore,
857 368 924 432 quo
946 347 1056 415 minir-

145 429 231 491 terio
251 426 399 491 functuri
419 443 506 501 aunt,
529 444 680 495 tenentur
701 430 871 496 abstinere.
898 434 947 523 Cf.
965 445 1056 522 Rap-

144 512 259 599 precht
280 514 304 581 l.
328 512 382 575 eit.
405 525 437 576 et
464 514 648 577 Tiromasrin
670 516 711 587 L.
735 526 765 583 c'.
788 540 859 603 cap.
885 519 926 583 60
949 533 981 585 et
996 521 1052 587 63.

148 610 182 661 et
208 598 353 661 milani
380 597 510 662 Concilii
532 621 602 665 can.
628 592 648 663 δ
669 614 702 663 et
729 599 777 668 13.

50 696 54 715 ¹
106 681 150 769 aa)
170 680 305 782 Quadri
327 680 539 751 nihilominus
562 680 679 748 Clerici
702 684 736 749 in
757 686 853 750 aaerie
875 686 1053 757 Constituti

143 770 403 844 matrimonium,
425 764 605 833 invalidum
628 767 715 851 licet,
737 770 928 837 contrahere
949 782 1052 841 etten-

143 867 234 919 tent:
263 860 298 936 ι)
320 852 470 918 mulieret
492 849 631 921 invalide
651 855 714 919 ribi
735 857 860 938 junctae
875 856 1050 941 dimittere,

141 952 177 1003 et
196 960 292 1021 agere
313 938 536 1024 poenitentium
557 956 738 1023 cognatum
759 942 805 1027 (t)
827 947 864 1021 a)
886 938 957 1008 late
977 966 1049 1011 ten·

140 1024 251 1087 teutiae
263 1023 619 1089 excommunicationem
628 1026 817 1101 incurrunt;
839 1031 897 1111 (u)
909 1027 944 1114 3)
955 1027 1052 1097 liunt·

193 1108 436 1197 eirregulares‚
459 1110 502 1173 ita
515 1125 644 1181 tamen,
667 1127 703 1174 ut
719 1132 794 1175 cum
811 1112 850 1174 iia
864 1112 1048 1199 diapenaare

173 1194 325 1279 pircopna
336 1196 452 1279 poerit:
473 1196 529 1280 (x)
540 1196 612 1277 jure
624 1196 743 1259 decreti
760 1193 918 1261 beneficio
936 1197 1048 1267 eccle.-
1102 1249 1106 1255 -

139 1279 272 1345 oiartico
293 1278 464 1344 excidunt:
501 1280 554 1366 (y)
584 1281 657 1364 jure
685 1297 795 1347 autem
815 1278 1047 1366 Decretalium,

139 1380 240 1451 atque
270 1363 429 1429 hodierno
457 1366 647 1448 regulariter
675 1388 736 1465 per
756 1368 1006 1452 -auapenrionenr
1025 1394 1046 1437 a

118 1447 305 1515 ‘beneficiis
325 1449 368 1515 ad
389 1449 611 1536 poenitentiam
631 1450 813 1536 adigantur,
835 1454 885 1537 (z)
905 1454 1048 1538 niaigra·

140 1535 222 1600 viu·
241 1532 385 1601 scandali
398 1538 500 1621 ipram
510 1534 659 1601 beneficii
671 1538 886 1623 privationem
898 1538 1043 1611 ruadeat.

90 1669 95 1677 .
144 1618 299 1685 Ceterum
320 1644 418 1700 eum,
448 1621 505 1706 qui
526 1621 572 1686 aio
592 1636 748 1687 attentato
769 1624 979 1687 matrimonio
999 1624 1043 1691 acl

135 1726 226 1771 eecra
248 1723 429 1793 augtutanae
449 1704 655 1771 conleaaionia
676 1707 844 1804 transiret²
865 1706 935 1794 ipao
955 1707 1042 1775 facto

50 1804 52 1811 ’
137 1789 297 1857 beneficia
316 1814 373 1855 aua
395 1813 454 1879 per
477 1789 660 1861 Germanic
680 1788 764 1876 leget
778 1814 972 1859 ammurum
989 1816 1043 1862 tu·

136 1897 195 1963 pra
217 1878 268 1959 (8.
295 1878 385 1959 183.)
403 1875 648 1977 jamdiximna.
764 1934 782 1961 ,1

97 1960 161 2047 Μ·)
185 1960 305 2027 Clerici
318 1964 353 2027 in
367 1960 547 2028 minoribna
558 1962 736 2044 constituti,
749 1959 839 2030 nulla
851 1961 985 2051 quidem
995 1961 1041 2031 le·

131 2070 172 2133 ge
183 2047 375 2113 contrahere
385 2050 630 2114 matrimonium
641 2047 866 2135 prohihentur:
881 2071 919 2113 eo
932 2066 1040 2118 tamen

135 2149 305 2199 contracto
331 2138 363 2216 r)
384 2133 426 2199 ad
445 2130 602 2200 beneficia
611 2134 786 2199 obtinenda
798 2131 957 2200 inhabiles
967 2136 1040 2202 red·

132 2218 271 2301 duntur,
294 2221 346 2303 (c)
367 2220 434 2307 imo
454 2219 553 2285 etiam
571 2228 609 2306 a)
629 2237 703 2285 actu
722 2241 861 2306 poueaaa
880 2219 1039 2288 beneficia

132 2304 207 2389 ipeo
227 2306 300 2387 jure
320 2305 493 2371 emittunt:
526 2303 584 2386 (b)
616 2320 830 2393 teneaturque
848 2326 882 2370 ae
903 2305 943 2371 iia
963 2323 1039 2373 ente

129 2400 266 2455 omnem
274 2389 391 2473 judicia
398 2392 590 2455 seutentiam
599 2389 759 2472 abdicare,
784 2407 815 2455 et
831 2387 954 2456 fructur
966 2408 1039 2478 poet

114 2475 264 2560 ,nuptiae
286 2475 369 2540 torte
390 2492 558 2562 perceptos
579 2478 757 2547 restituere.
781 2475 897 2562 Neque
917 2477 1039 2559 obem,

132 2558 224 2648 qnod
236 2561 386 2625 dicantur
405 2563 459 2644 (c)
471 2559 512 2624 ad
525 2559 680 2625 beneficia
692 2561 884 2626 dimittenda
903 2565 1039 2649 compel-

130 2646 230 2723 lendi,
251 2645 422 2733 spoliandi,
442 2645 596 2730 privandi
603 2673 614 2724 3
636 2647 765 2733 eoquod
778 2646 811 2710 id
824 2648 863 2709 de
872 2645 981 2731 facto,
1003 2661 1037 2713 et

132 2752 202 2795 non
214 2731 254 2797 de
256 2734 332 2821 jure
341 2733 383 2796 eit
392 2728 662 2813 intelligendum
683 2753 735 2795 eos
745 2753 882 2815 nempe,
906 2727 1038 2795 nicia]-

130 2832 186 2881 tro
195 2816 324 2903 cedant,
346 2831 380 2883 et
389 2813 557 2965 beneficae,
569 2819 660 2904 queit
671 2816 740 2902 ipso
751 2817 898 2900 jurejam
909 2815 1035 2882 excide-
1116 2864 1122 2873 .

552 2924 571 2963 2
812 2932 815 2940 ,
901 2915 991 2985 runt,

50 3010 1021 3061 Pnu—-nn-t--a—n——u———un

50 3094 53 3131 r
87 3068 130 3153 (t)
151 3064 190 3131 C.
216 3089 229 3129 1
255 3085 288 3131 et
310 3090 329 3129 a
351 3069 410 3154 qui
431 3064 550 3132 Clerici
572 3061 807 3131 vel⁸voventeu

50 3882 54 3916 l

50 3166 63 3213 t·
86 3156 145 3237 (u)
170 3150 274 3217 Clem.
294 3153 383 3218 unic.
406 3151 448 3217 de
469 3174 616 3235 consang.
640 3165 673 3215 et
693 3149 780 3233 affin.

86 3242 146 3321 (u)
168 3237 207 3303 C.
235 3258 248 3299 1
275 3253 307 3302 et
328 3259 348 3301 a
370 3238 429 3326 qui
451 3235 568 3321 Clerici
591 3232 642 3302 vel
664 3256 738 3303 vot.

88 3326 143 3407 (y)
168 3322 206 3389 C.
231 3345 252 3389 a
274 3304 351 3397 diet.
373 3326 428 3389 28.

87 3410 144 3496 (n)
158 3408 198 3475 C.
223 3433 236 3473 r
261 3406 302 3474 de
324 3402 441 3473 Cierio.
465 3408 593 3490 conjug.

63 3516 77 3555 ·.
104 3498 139 3581 a)
161 3495 203 3569 C.
227 3516 247 3555 2
269 3493 309 3559 de
331 3490 465 3560 Clerici·
485 3494 616 3577 conjug.

101 3578 142 3663 b)
165 3580 205 3645 C.
234 3600 264 3647 r.
284 3580 317 3645 ὅ.
338 3582 370 3647 5.
392 3579 467 3655 eod.
489 3580 540 3647 tit.
737 3598 742 3609 ·

100 3668 136 3748 c)
157 3659 248 3735 Ibit.
606 3717 608 3721 -
