2340 4094
91 254 170 348 Cap,
194 206 250 329 Id.
271 260 322 324 Da
342 254 491 326 clericor.
504 259 735 351 sustentatione
745 272 777 324 et
787 257 916 351 benefic.
932 264 1016 337 cccl.¹
1027 263 1075 363 '⁸9
1145 326 1153 353 ,

167 395 206 459 in
227 394 291 459 hoc
312 348 412 459 sitatis
443 397 493 475 (a)
527 390 656 459 delectu
676 410 709 459 et
729 393 764 459 in
785 390 857 460 aliis
877 396 1072 484 quibusdam

173 476 223 545 dis
247 497 394 561 ensstum
416 481 482 562 jum
503 501 586 565 stcpe
608 495 665 550 est.

70 598 75 618 ν
128 562 158 597 “
193 502 291 631 Uinde
318 567 348 648 ι)
370 566 426 652 qui
451 561 554 628 nihilo
576 563 1071 650 seciuspostnlsrcnudenteum

167 672 267 739 quem
280 648 416 730 defectu,
431 649 605 735 dispensari
618 672 682 713 non
690 648 944 725 solito,lsborsre
952 655 1071 732 sciunt,

165 756 228 821 pro
251 731 309 801 illn
331 736 401 800 vice
422 757 500 801 voce
521 736 623 799 activa
645 736 838 820 privantur,
866 738 920 824 (b)
948 741 983 821 s)
1013 742 1072 826 qui

170 838 283 885 contro
310 837 432 890 extrav.
453 820 541 888 unic.
564 820 604 883 dc
627 818 744 905 postul.
769 839 859 887 aetnte
875 823 1073 909 vigintisep·

167 920 234 971 tem
266 910 427 970 auriolum
458 906 618 970 minorem
672 903 812 972 ostulnnt
840 908 882 974 ad
904 905 1071 976 ecclesium
1104 984 1110 993 ¹

167 988 398 1069 cathedralem,
423 995 479 1075 qui
494 988 544 1054 vel
557 926 750 1073 Regularem
761 1015 800 1057 ex
812 992 1070 1060 Mendicsntium

165 1078 280 1141 ordine
305 1076 345 1141 ad
367 1076 578 1142 Praelsturom
600 1074 776 1141 cathedrali
798 1077 995 1160 inferiorem,
1018 1079 1071 1147 vel

166 1161 208 1226 nd
230 1165 422 1227 monasteria
444 1177 533 1227 extra
556 1184 632 1226 eum
652 1160 812 1244 ordinem,
835 1160 1071 1251 querir'proles-

166 1269 220 1312 sus
243 1265 298 1325 cst,
320 1251 455 1315 scienter
475 1245 657 1335 postulant,
678 1268 713 1312 en
735 1248 806 1313 vice
827 1248 1012 1336 postulandi
1033 1273 1072 1316 aa

167 1330 307 1414 eligendi
329 1348 483 1421 potestate
504 1333 684 1416 privantur,
708 1349 740 1396 et
761 1357 778 1397 n
800 1333 962 1400 beneficiis
985 1336 1019 1400 in
1032 1359 1069 1399 ea

164 1418 297 1484 ecclesis
318 1421 463 1506 possessis
489 1419 628 1481 triennio
641 1417 908 1502 'suspenduntur3
931 1420 967 1504 3)
986 1442 1069 1506 pos-

165 1500 287 1568 tulatus
311 1505 425 1589 viginti
442 1519 567 1589 septem
596 1505 686 1568 annis
708 1505 815 1571 minor
835 1505 875 1570 nd
898 1504 1067 1571 ecclesiam

168 1586 508 1677 cathedralemusqtie
530 1589 570 1651 ad
593 1613 709 1652 annum
743 1586 842 1653 aetstis
866 1591 1068 1675 trigesimum

166 1675 342 1762 quintum,
375 1691 407 1740 ct
428 1669 596 1759 Regularis
618 1674 658 1737 ad
680 1669 854 1739 cathedrali
878 1676 1067 1743 inferiorem

138 1759 214 1825 ‘vel
236 1758 510 1846 ad'Psaelstursm
531 1775 622 1823 extro
644 1781 740 1823 suum
762 1761 908 1824 ordinem
926 1759 1066 1847 postula·

163 1862 214 1911 ms
236 1848 269 1911 in
287 1863 473 1935 perpetuum
495 1826 731 1939 intelligibiles,
766 1864 799 1910 et
819 1843 1071 1932 inpostulabiles-

161 1931 355 2021 redddutur,
377 1937 404 1996 si
424 1954 514 1995 stram
539 1931 572 2004 'm
595 1932 684 1996 curin
697 1931 794 2004 Rom.
811 1930 1063 2019 postulrtionem
1108 1988 1116 2003 ,

163 2038 310 2100 urgeant,
358 2019 419 2086 cit.
443 2043 468 2081 c.
489 2041 542 2078 un.
568 2016 608 2079 de
628 2031 714 2102 post.

74 2121 79 2127 ·
117 2099 184 2188 1Μ)
201 2101 367 2171 Postulari
389 2104 428 2169 de
449 2098 533 2193 stylo
555 2104 652 2175 eurise
673 2103 770 2174 Rom,
794 2118 949 2188 possunt,
970 2104 1062 2192 queis

156 2188 242 2255 inest
263 2190 404 2257 delectus
430 2186 633 2273 mentalium
653 2209 694 2251 ex
714 2189 854 2274 simplici
875 2187 1061 2255 fornicatio·
1123 2232 1132 2243 κ

157 2296 224 2356 ne,
244 2279 297 2360 (c)
321 2282 358 2358 s)
381 2273 493 2351 atatis,
514 2272 612 2335 modo
626 2274 690 2335 sint
702 2297 800 2338 anuos
813 2275 925 2358 viginti
938 2292 1066 2361 septem-

155 2361 248 2443 nati,
283 2362 320 2445 3)
353 2359 495 2426 lenitatis
520 2355 661 2423 delectus
683 2359 762 2422 citra
785 2375 954 2444 peccatum
974 2383 1061 2424 cou-

139 2444 294 2511 unctus:
316 2444 368 2532 (d)
390 2450 427 2533 4)
449 2452 480 2514 S.
503 2443 623 2528 ordinis
643 2458 699 2506 sut
717 2445 920 2533 professionis
931 2443 1060 2529 religio·

154 2552 222 2614 stc,
258 2537 310 2615 (e)
342 2534 379 2614 5)
411 2528 568 2595 libertatis
596 2529 639 2592 ob
662 2532 859 2594 matrimonii
882 2532 1060 2614 spiritualis

117 2616 121 2631 '
155 2614 336 2695 vinculum,
359 2637 425 2702 quo
448 2611 587 2679 ecclesiae
609 2616 789 2681 cathedrali
802 2612 984 2699 alligantur,
1008 2618 1059 2680 uti

155 2699 312 2789 Episcopi
335 2703 533 2779 consecrati,
569 2716 624 2763 ent
654 2700 837 2767 confirmati
866 2696 985 2771 solum.
1010 2701 1058 2783 (l)
1136 2736 1140 2757 t

127 2792 134 2801 '
155 2784 233 2851 Non
253 2787 330 2853 item
347 2784 508 2876 ,postulari
531 2785 672 2868 debent,
703 2785 758 2848 scd
781 2784 864 2868 eligi·
871 2797 1004 2869 possunt
1023 2793 1061 2869 n)

157 2872 301 2937 Abbates
323 2890 355 2937 ct
376 2870 564 2955 Praepositi,
598 2868 673 2934 licet
704 2872 794 2956 qussi
827 2871 998 2957 episcopali
1021 2872 1058 2935 in

157 2956 291 3030 Clerum
312 2957 536 3046 populumque
559 2955 779 3035 jurisdictione
801 2952 947 3041 praediti:
981 2955 1057 3041 eligi
1132 2966 1139 2971 “

86 3114 89 3119 ¹
537 3040 635 3104 F5‘
719 3066 722 3071 ·
935 3040 1013 3105 item

77 3156 1057 3190 mmm-¹*
1127 3159 1136 3171 '

86 3202 89 3208 ’
112 3209 162 3295 (a)
182 3207 342 3296 Exemplo
364 3209 459 3299 plura
480 3211 594 3280 recitat
616 3204 767 3275 Schmidt
795 3204 939 3282 Theseu,
958 3205 989 3281 J,
1012 3204 1056 3280 E.

154 3311 233 3367 tom.
258 3319 278 3358 s
326 3321 373 3381 ag.
399 3299 473 3383 765.

110 3380 162 3459 (lt)
184 3380 224 3459 C,
252 3403 269 3445 r.
314 3384 472 3470 epostul.

109 3471 159 3548 (c)
181 3466 263 3554 Cap,
286 3489 328 3551 to
351 3471 392 3533 de
414 3466 509 3540 elect,

108 3550 163 3633 (d)
187 3551 264 3626 (1.1
313 3552 353 3627 de
374 3549 466 3618 elect.

108 3639 160 3720 (c)
183 3637 220 3708 C.
239 3576 290 3703 ,id
309 3655 341 3703 et
363 3662 402 3725 27
425 3634 466 3704 de
487 3635 581 3711 elect.
670 3696 677 3709 ,

107 3720 153 3810 (l)
173 3722 212 3801 C.
234 3727 257 3796 6
278 3725 319 3794 de
339 3739 427 3814 post,
446 3741 479 3794 et
502 3748 530 3797 s.
555 3748 574 3790 s
595 3724 635 3793 de
656 3721 804 3802 trnudst,
824 3722 937 3814 Epitst

843 3136 849 3157 Ι
