2340 4094
64 208 135 292 70)).
157 208 229 275 ΠΙ.
239 245 241 250 -
253 205 302 267 De
314 196 421 265 Rebus
435 198 513 274 ecci.
527 194 729 289 temporalib,
739 223 794 265 seu
805 197 894 265 bonis
907 210 969 269 et'c.
990 196 1052 290 379

73 337 76 341 ’
140 333 348 416 mentionatis,
372 333 453 399 facta
476 334 524 400 rei
547 334 722 417 traiiitione
744 336 784 418 1))
808 337 903 402 realis
919 330 1052 401 donatio

137 423 204 487 dici
228 437 342 513 potest
366 421 404 501 5)
429 420 547 513 Quum
568 423 610 486 ad
632 424 718 509 pacti
735 427 903 488 essentiam
919 442 1054 488 mutuus

136 530 320 583 cousensus,
344 531 400 571 seu
412 508 595 593 promissio,
607 525 639 573 et
655 511 834 595 acceptatio
846 511 1052 597 requiratur:

134 611 236 682 patet,
261 594 350 683 quod
373 593 551 659 liberalitas
575 594 722 659 nondum
738 610 911 683 acceptata
921 597 1054 681 proprie

135 681 269 750 donatio
292 681 357 744 dici
379 697 538 766 nequeat:
575 690 673 769 atque
694 683 793 746 etiam
815 684 960 747 revocari
983 683 1053 746 abs·

140 758 205 859 que
226 764 356 830 alterius
379 762 510 832 laesione
528 762 654 851 possit:
688 784 802 832 contra
834 790 938 856 quum
960 787 1053 850 pacta

137 853 260 919 servari
282 852 441 933 debeant,
465 855 501 938 4)
523 853 697 918 donatione
720 870 884 940 acceptata
907 855 1053 931 tradifres

135 938 254 1006 donata
277 937 393 1016 debet,
415 961 476 1002 neo
496 943 569 1023 jure
590 938 706 1003 saltem
725 938 866 1004 naturali
888 941 986 1003 etiam
1008 941 1052 1004 ob

134 1044 367 1113 quamcunque
379 1023 540 1089 donatarii
557 1022 825 1108 iugratitudinem
838 1028 981 1089 revocari
997 1049 1054 1112 po-

133 1127 205 1177 test.
231 1112 276 1175 At
300 1113 334 1189 5)
357 1112 429 1192 jure
451 1111 602 1175 Romano
624 1112 758 1177 donatio
779 1109 993 1189 rescinditur,
1016 1122 1051 1195 a)

181 1195 496 1283 atenus'inofficiosa
517 1215 587 1277 est,
617 1218 673 1261 seu
695 1195 879 1261 liberorum
901 1194 1076 1280 legitimae'

64 1290 66 1295 '
157 1281 297 1347 etrahit:
321 1282 359 1368 b)
381 1300 540 1369 quatenus
561 1305 724 1349 summam
737 1286 992 1372 quingentorum
1006 1308 1054 1348 so·

133 1368 281 1436 lidorum
303 1369 391 1451 (jure
414 1368 492 1435 Bar.
516 1368 607 1435 mille
628 1369 848 1449 florenorum)
864 1370 1003 1446 excedit,
1026 1373 1054 1434 si

132 1456 294 1522 insinuata
316 1454 420 1538 judici
442 1456 532 1539 haud
551 1456 633 1520 fuit:
657 1462 690 1537 c)
712 1458 756 1521 ob
774 1456 932 1540 insignem
955 1456 1053 1522 doua-
1108 1502 1118 1517 .

133 1542 209 1610 tarii
231 1539 540 1625 ingratitudinem-a
563 1540 720 1609 donante:
745 1543 785 1627 d)
808 1543 852 1606 01)
866 1547 1051 1627 superveni-

132 1627 255 1701 entiam
278 1626 502 1699 liberoruma
548 1645 663 1695 atrono
685 1630 831 1694 revocari
852 1644 968 1712 potest.
1016 1634 1052 1717 6)
1135 1705 1139 1711 ,

134 1714 279 1783 Donatio
302 1713 457 1802 equidem
481 1651 580 1800 vuigo
602 1714 761 1781 dividitur
782 1717 817 1778 in
841 1715 1051 1782 donationem

130 1805 217 1868 inter
239 1801 353 1885 rivos,
376 1816 408 1865 et
430 1805 544 1867 mortis
565 1804 678 1887 gratia.
699 1803 752 1888 (§.
773 1805 873 1887 708.)
916 1801 1051 1869 At'haec

131 1889 266 1994 proprie
289 1909 355 1952 uon
377 1904 424 1955 est
446 1889 598 1971 donatio,
622 1905 654 1953 et
672 1904 816 1972 pactum,
838 1887 895 1951 sed
918 1904 1051 1973 pactum

130 1994 218 2042 inter
239 1991 272 2039 et
282 1973 436 2041 ultimam
446 1971 651 2041 voluntatem
661 1975 809 2039 fluctuat.
834 1980 872 2060 7)
884 1973 1051 2041 Differunt

129 2080 242 2132 antem
264 2061 463 2143 interemor,
486 2080 518 2128 et
531 2064 642 2129 mortis
651 2085 773 2127 ‘caussa
792 2062 936 2140 donatio,
959 2061 1051 2149 quod

130 2157 167 2234 a)
189 2145 246 2212 111)
260 2149 337 2226 sine
359 2149 512 2234 arbitris,
538 2151 607 2215 hmo
629 2148 759 2214 nonnisi
781 2169 892 2214 eoram
915 2150 1050 2214 testibus

129 2233 252 2306 valeat:
277 2236 315 2318 b)
327 2238 418 2322 quod
432 2233 502 2317 illa,
524 2238 553 2302 si
564 2237 757 2325 quingentos
768 2234 889 2299 solidos
903 2234 1049 2311 excedat,

127 2324 232 2413 judici
255 2323 449 2388 insinuanda
470 2325 524 2407 sit,
548 2324 618 2389 haec
632 2345 698 2387 nou
720 2323 818 2386 item:
843 2327 878 2402 c)
891 2322 980 2408 quod
991 2316 1049 2385 111)

127 2417 170 2481 sit
190 2432 248 2474 sua
271 2425 385 2475 natura
408 2409 655 2487 irrevocabilis,
686 2409 755 2470 haee
777 2404 988 2471 revocabilis:
1013 2408 1049 2491 d)

129 2494 222 2593 quod
243 2494 296 2562 111)
320 2496 403 2561 faeta
426 2497 600 2564 traditione
624 2494 769 2572 demum,
792 2491 1050 2559 haeeetiamsine
1125 2494 1128 2499 ’

127 2587 304 2656 traditione
326 2583 498 2650 transierat
519 2582 732 2661 Domiuium3
755 2583 853 2645 modo
870 2597 975 2646 morte
992 2578 1049 2640 do·
1143 2646 1150 2661 Ι

126 2674 235 2740 nantis
258 2672 426 2736 firmetur:
441 2679 487 2756 ie)
509 2670 599 2759 quod
621 2674 655 2732 ia
677 2667 733 2734 111)
754 2666 1049 2752 1000110000ορ)-

127 2761 242 2837 tentia,
266 2762 301 2823 in
313 2757 374 2820 hac
389 2778 512 2848 quartae
526 2757 685 2833 Falcidia,
707 2757 749 2823 de
761 2780 826 2844 qua
839 2752 953 2841 paullo
965 2771 1048 2838 post,

129 2851 173 2914 sit
195 2844 298 2909 loeus.
323 2844 400 2909 Vid.
425 2847 590 2925 Heinecct'i
616 2848 716 2917 Elem.
749 2855 824 2916 Jur.
852 2841 913 2912 civ.
938 2841 1049 2913 Instit.

127 2945 167 3005 L.
194 2942 244 3003 ΙΙ,
270 2933 323 3001 tit.
347 2956 378 3021 7.
403 2937 431 3017 ξ,
453 2936 531 3013 454.
887 2986 893 2993 .

84 3019 118 3056 **
144 3021 176 3108 1)
198 3019 359 3104 Legitima
375 3016 556 3104 dispositio,
579 3015 935 3101 seudeciaratio'deeo,
959 3014 1050 3102 quod

129 3109 202 3196 quis
219 3129 297 3171 cum
311 3126 370 3168 suo
392 3123 466 3193 post
485 3122 631 3171 mortem
644 3105 715 3171 fieri
733 3101 831 3188 velit,
855 3104 1049 3169 ultimoru-

127 3197 236 3260 lzmtas
247 3194 367 3258 dicitur
379 3220 385 3255 :
402 3199 439 3273 a)
451 3216 563 3259 rerum
575 3218 593 3261 a
604 3192 760 3261 defuneto
772 3189 963 3259 relictarum
977 3189 1051 3251 uni·

101 3310 103 3314 s
124 3284 258 3345 versitas
270 3279 436 3345 hareditas
445 3305 456 3356 ;
479 3295 512 3345 et
532 3283 590 3368 qui
611 3277 808 3363 haereditatis
824 3276 862 3342 {it
873 3272 1050 3357 Dominus,

127 3367 222 3432 hares
233 3365 417 3443 timredem
424 3388 503 3432 vero
515 3367 685 3435 instituens
694 3378 837 3431 testator
847 3366 1053 3447 nominatur.¹

123 3452 168 3533 λ7))
191 3449 323 3519 Ulttmae
335 3449 510 3517 voluntatis
526 3456 648 3539 species
657 3458 781 3535 sunta)
795 3460 1049 3516 Testamentum:

125 3537 361 3621 1))0011101110).Ι
375 3544 409 3619 c)
423 3548 591 3627 Legatum:
604 3540 626 3604 d
654 3537 959 3606 Fideicommissum.
969 3535 1051 3598 Por-

128 3644 167 3692 ro
177 3631 214 3707 4)
240 3634 476 3711 Testamentum
493 3641 541 3692 est
558 3625 674 3695 ultima
689 3621 862 3725 voluutas,
883 3644 958 3767 1))έῄ
960 3623 1053 3763 {ges
