2340 4094
58 242 201 337 ceprlt.
224 250 273 315 De
290 247 440 319 clericor.
459 246 690 315 sustentatione
703 248 963 340 etlrenefimecl.
983 240 1069 316 ordx
1098 224 1101 229 ¹

56 410 109 459 na
131 384 198 457 illa
220 382 320 457 male
344 382 586 461 devenerunt
638 390 674 484 5)
700 383 803 459 Huic
827 384 1049 485 obligationi

56 492 189 581 utpote
214 481 310 597 juris
333 481 518 557 naturalis
550 505 620 557 neo
644 480 717 584 per
740 482 1052 559 consuetudinem
1145 546 1148 553 .

57 590 291 665 contrarram
316 604 425 675 posse
450 581 654 681 derogari3
678 582 715 673 6)
736 580 838 655 bono
853 580 1051 659 beneficia·

56 676 113 751 lin
134 687 241 752 caute
266 675 435 776 quidem,
460 688 497 751 et
521 678 757 777 prudenter,
794 702 843 751 ne
866 674 1052 753 fundato-

56 774 177 865 ribus,
202 774 436 875 pauperibus
460 785 498 851 et
520 777 689 867 ecclesiae
712 774 856 877 injuria
870 773 966 863 fiat}
990 803 1053 851 ne·

59 897 133 971 que
150 886 276 947 temen
292 872 404 947 nimis
428 871 594 961 sordide,
618 898 748 972 parce,
773 884 811 947 et
833 897 949 949 svare
972 898 1053 948 esse

58 969 369 1062 administranda,
394 983 432 1046 et
452 971 716 1070 expendendo,
743 997 792 1046 ne
810 969 950 1045 honori
973 981 1052 1045 sta·
1094 1058 1097 1063 ¹

58 1076 118 1140 tus
144 1067 329 1143 clericalis
363 1066 535 1145 averitiae
567 1069 743 1143 inuratur
782 1067 949 1142 mocula:
985 1067 1053 1142 sed

57 1182 133 1263 pro
157 1169 305 1264 gradu,-
328 1178 450 1255 statu,
476 1165 677 1266 dignitate,
702 1165 898 1241 laboribus
922 1164 1054 1251 clerici

60 1262 199 1351 decor,
225 1262 422 1357 honestas,
461 1262 688 1358 liberalitas,
724 1262 957 1361 hospitalitas
981 1273 1053 1339 eto.

58 1371 276 1445 serventur:
312 1363 370 1459 (d)
405 1362 495 1462 quie
530 1362 658 1436 omniu
692 1357 873 1462 prudenti
905 1358 1083 1466 judicio·

31 1455 266 1531 ,seeundum
290 1460 496 1559 probatum
530 1462 683 1558 piorum
719 1459 802 1557 ejus
824 1458 1055 1549 conditionis

58 1551 258 1629 hominum
282 1584 452 1650 morem,
478 1569 515 1632 et
538 1558 589 1641 ad
612 1558 782 1657 'regulum
805 1582 835 1631 a.
854 1554 1055 1632 Tridenti-

58 1677 112 1726 no
138 1654 194 1747 (e)
221 1654 640 1730 traditamseestimanda
663 1664 773 1730 sunt:
809 1656 1055 1753 consequitur

58 1761 253 1847 postremo
277 1754 322 1849 7)
347 1778 425 1827 noo
450 1752 550 1826 solos
562 1752 754 1827 beneficiis
793 1752 959 1844 reoditos,
985 1752 1055 1831 sed

60 1864 309 1949 quoscunque
333 1853 435 1925 b'ona
448 1849 699 1924 'ecclesiastico
715 1776 914 1937 halenteu
938 1860 1054 1947 atque

60 1945 157 2017 adeo
182 1947 388 2047 Regulores
422 1972 577 2049 quoque
616 1947 747 2021 eadem
764 1958 767 1963 '
782 1948 893 2049 lege,
934 1946 1055 2023 immo

60 2040 132 2114 hos
157 2058 417 2159 paupertatem
451 2044 639 2144 professos
672 2045 812 2123 arctius
845 2042 1055 2144 obstringi,

61 2140 164 2215 Hinc
187 2142 262 2234 istr,
288 2144 410 2244 inquit
434 2145 496 2220 vir
522 2143 725 2234 cordatus,
752 2142 805 2242 (f)
830 2140 955 2219 minus
979 2167 1056 2217 ex·-

61 2238 1056 2342 omfflfflomhshmfflffifflqfflfflss,mmmk
1120 2274 1123 2279 ·

61 2360 150 2410 rum
175 2335 325 2432 choris,
366 2336 598 2414 famulorum
622 2338 834 2438 frequentin
858 2337 993 2413 luxum
1018 2346 1057 2414 et

61 2458 245 2602 pompam
269 2437 495 2511 secularium
520 2437 724 2510 imitentur.
774 2435 951 2511 Profecto
975 2458 1056 2509 non

92 2557 132 2605 os
157 2557 197 2605 ro
221 2558 310 2607 urus
334 2535 437 2608 bons
458 2558 560 2634 saepe
571 2533 658 2611 satis
675 2535 800 2633 ampla
812 2531 892 2608 adsi
920 2538 1058 2608 narnus

62 2626 294 2724 fundatores,
319 2631 385 2705 sed
402 2656 445 2713 ee
470 2632 583 2707 tacito
604 2632 821 2706 conditione
841 2644 878 2706 et
929 2627 1056 2722 docio,

29 2764 32 2769 ·
62 2739 127 2819 ut,
163 2728 269 2827 qnod
303 2754 352 2803 ex
376 2739 606 2830 congruente
634 2728 877 2828 Regularium
901 2732 1057 2800 susten-

62 2827 205 2902 tatione
229 2836 448 2925 superesset,
475 2825 514 2899 in
539 2827 624 2925 pios
649 2851 693 2898 oo
716 2826 882 2906 maxime
905 2846 1057 2925 paupe-

62 2949 150 2998 rum
177 2948 266 2997 usus
291 2924 577 3023 expenderetur.
626 2923 673 2998 Id
696 2920 868 3021 profecto
893 2946 943 2996 ex
964 2920 1057 3022 ipsit

61 3020 329 3101 tundaoonum
354 3021 471 3096 literis
493 3023 719 3123 plerumque
742 3021 829 3096 satis
853 3020 985 3110 elnoeu
1117 3091 1125 3111 ,

473 3178 477 3202 l
516 3163 550 3231 Ο
573 3163 606 3265 ⁵:
840 3165 875 3252 ¹³)
894 3162 1013 3256 Quom

105 3472 164 3557 (d)
194 3474 271 3543 Vid.
305 3474 396 3544 Plao.
431 3473 568 3543 B'ookhn
600 3474 730 3541 comm.
746 3476 798 3540 in
825 3472 857 3540 J.
887 3494 960 3541 oon.
988 3468 1062 3544 [ὅ

150 3560 202 3627 tit.
227 3564 267 3626 25
290 3584 324 3627 n.
353 3580 392 3644 14
413 3578 445 3628 et
466 3559 570 3647 Engel
591 3558 664 3627 eod.
687 3561 748 3630 tit:
759 3582 797 3627 n.
811 3584 837 3659 ‚p
858 3580 932 3648 sqq.

108 3649 162 3729 (e)
184 3644 325 3713 Trident
346 3647 428 3715 Sost-
449 3648 567 3716 XXV.
590 3670 617 3713 r„
644 3668 674 3711 ι.
748 3670 752 3678 ·
789 3662 800 3703 s
863 3703 867 3709 .
902 3654 936 3675 ·“’“
980 3654 1004 3734 ξς

103 3725 152 3831 (¹)
172 3728 307 3799 natiso
324 3734 453 3831 tneor.
475 3736 514 3807 in
534 3734 578 3807 e.
599 3710 1108 3827 nugor.cm,h-⁰m=e*e·
